@comment{x-kbibtex-encoding=utf-8}

@article{makkai1987stone,
  title={Stone duality for first order logic},
  author={Makkai, M.},
  journal={Advances in Mathematics},
  volume={65},
  number={2},
  pages={97--170},
  year={1987},
  publisher={Academic Press}
}

@article{lurie2018ultracategories,
  title={Ultracategories},
  author={Lurie, J.},
  journal={Preprint available at \url{www.math.harvard.edu/~lurie/papers/Conceptual. pdf}},
  year={2018}
}

@article{fiore2018relative,
  title={Relative pseudomonads, Kleisli bicategories, and substitution monoidal structures},
  author={Fiore, M. and Gambino, N. and Hyland, M. and Winskel, G.},
  journal={Selecta Mathematica},
  volume={24},
  number={3},
  pages={2791--2830},
  year={2018},
  publisher={Springer}
}

@article{clementino2016lax,
  title={Lax orthogonal factorisation systems},
  author={Clementino, M. M. and Lopez Franco, I.},
  journal={Advances in Mathematics},
  volume={302},
  pages={458--528},
  year={2016},
  publisher={Elsevier}
}

@book{dubuc2006kan,
  title={Kan extensions in enriched category theory},
  author={Dubuc, E.},
  volume={145},
  year={2006},
  publisher={Springer}
}

@article{makkai2014fat,
  title={On a fat small object argument},
  author={Makkai, M. and Rosick{y}, J. and Vok{{r}}{i}nek, L.},
  journal={Advances in Mathematics},
  volume={254},
  pages={49--68},
  year={2014},
  publisher={Elsevier}
}
@inproceedings{caccamo2001higher,
	author = {Cáccamo, M. and Winskel, G.},
	booktitle = {International Conference on Theorem Proving in Higher Order Logics},
	organization = {Springer},
	pages = {136–153},
	title = {A higher-order calculus for categories},
	year = {2001}
}

@article{pistone2018proof,
	author = {Pistone, P.},
	journal = {arXiv preprint arXiv:1810.01252},
	title = {Proof nets, coends and the Yoneda isomorphism},
	year = {2018}
}

@article{loregian2015co,
	author = {Loregian, F.},
	journal = {arXiv preprint arXiv:1501.02503},
	title = {This is the (co) end, my only (co) friend},
	year = {2015}
}

@article{seely1983hyperdoctrines,
	author = {Seely, R.A.G.},
	journal = {Mathematical Logic Quarterly},
	number = {10},
	pages = {505–542},
	publisher = {Wiley Online Library},
	title = {Hyperdoctrines, natural deduction and the Beck condition},
	volume = {29},
	year = {1983}
}

@article{licata2018internal,
	author = {Licata, D. and Orton, I. and Pitts, A. and Spitters, B.},
	journal = {arXiv preprint arXiv:1801.07664},
	title = {Internal universes in models of homotopy type theory},
	year = {2018}
}

@article{radulescu2006cofibrations,
	author = {Radulescu-Banu, A.},
	journal = {arXiv preprint math/0610009},
	title = {Cofibrations in homotopy theory},
	year = {2006}
}

@article{vandenberg2017exact,
	author = {van den Berg, B. and Moerdijk, I.},
	journal = {Journal of Pure and Applied Algebra},
	publisher = {Elsevier},
	title = {Exact completion of path categories and algebraic set theory: Part I: Exact completion of path categories},
	year = {2017}
}

@article{vandenberg2016path,
	author = {van den Berg, B.},
	journal = {arXiv preprint arXiv:1604.06001},
	title = {Path categories and propositional identity types},
	year = {2016}
}

@article{zeilberger2008unity,
	author = {Zeilberger, N.},
	fjournal = {{Annals of Pure and Applied Logic}},
	journal = {Ann. Pure Appl. Logic},
	number = {1-3},
	pages = {66–96},
	title = {On the unity of duality},
	volume = {153},
	year = {2008}
}

@inproceedings{DBLP:conf/rta/CarvalhoS14,
	author = {de Carvalho, D. and Simonsen, J.G.},
	booktitle = {Rewriting and Typed Lambda Calculi - Joint International Conference, {RTA-TLCA} 2014, Held as Part of the Vienna Summer of Logic, {VSL} 2014, Vienna, Austria, July 14-17, 2014. Proceedings},
	pages = {179–193},
	title = {An Implicit Characterization of the Polynomial-Time Decidable Sets by Cons-Free Rewriting},
	year = {2014}
}

@inproceedings{frey2015specifications,
	author = {Frey, J.},
	booktitle = {13th International Conference on Typed Lambda Calculi and Applications, {TLCA} 2015, July 1-3, 2015, Warsaw, Poland},
	pages = {196–210},
	title = {Realizability Toposes from Specifications},
	year = {2015}
}

@inproceedings{frey2016cps,
	author = {Frey, J.},
	booktitle = {Mathematical Foundations of Programming Semantics XXXII},
	note = {available at~\url{https://github.com/jonas-frey/pdfs/blob/master/mfps.pdf}},
	title = {Classical realizability in the CPS target language},
	year = {2016}
}

@inproceedings{DBLP:conf/flops/KetemaS10,
	author = {Ketema, J. and Simonsen, J.G.},
	booktitle = {Functional and Logic Programming, 10th International Symposium, {FLOPS} 2010, Sendai, Japan, April 19-21, 2010. Proceedings},
	pages = {272–287},
	title = {Least Upper Bounds on the Size of Church-Rosser Diagrams in Term Rewriting and \emph{lambda}-Calculus},
	year = {2010}
}

@inproceedings{DBLP:conf/rta/Simonsen09,
	author = {Simonsen, J.G.},
	booktitle = {Rewriting Techniques and Applications, 20th International Conference, {RTA} 2009, Brasília, Brazil, June 29 - July 1, 2009, Proceedings},
	pages = {335–349},
	title = {The -Completeness of Most of the Properties of Rewriting Systems You Care About (and Productivity)},
	year = {2009}
}

@book{scedrov1984forcing,
	author = {Ščedrov, A.},
	publisher = {American Mathematical Soc.},
	title = {Forcing and classifying toposes},
	volume = {295},
	year = {1984}
}

@book{abadi1996,
	author = {Abadi, M. and Cardelli, L.},
	publisher = {Springer-Verlag, New York},
	series = {Monographs in Computer Science},
	title = {A theory of objects},
	year = {1996}
}

@inproceedings{accattoli2014beta,
	author = {Accattoli, B. and {Dal Lago}, U.},
	booktitle = {Proceedings of the Joint Meeting of the Twenty-Third EACSL Annual Conference on Computer Science Logic (CSL) and the Twenty-Ninth Annual ACM/IEEE Symposium on Logic in Computer Science (LICS)},
	organization = {ACM},
	pages = {8},
	title = {Beta reduction is invariant, indeed},
	year = {2014}
}

@article{accattoli2012invariancelong,
	author = {Accattoli, B. and {Dal Lago}, U.},
	bibsource = {dblp computer science bibliography, http://dblp.org},
	biburl = {http://dblp.uni-trier.de/rec/bib/journals/corr/abs-1202-1641},
	journal = {CoRR},
	timestamp = {Wed, 10 Oct 2012 21:28:47 +0200},
	title = {On the Invariance of the Unitary Cost Model for Head Reduction (Long Version)},
	url = {http://arxiv.org/abs/1202.1641},
	volume = {abs/1202.1641},
	year = {2012}
}

@unpublished{aczel2001notes,
	author = {Aczel, P. and Rathjen, M.},
	title = {Notes on constructive set theory},
	url = {\url{
http://www.maths.manchester.ac.uk/logic/mathlogaps/workshop/CST-book-June-08.pdf
}},
	year = {2008}
}

@article{awodey2002local,
	author = {Awodey, S. and Birkedal, L. and Scott, D.S.},
	journal = {Mathematical Structures in Computer Science},
	number = {03},
	pages = {319–334},
	publisher = {Cambridge Univ Press},
	title = {Local realizability toposes and a modal logic for computability},
	volume = {12},
	year = {2002}
}

@article{awodey2014relating,
	author = {Awodey, S. and Butz, C. and Simpson, A. and Streicher, T.},
	journal = {{Annals of Pure and Applied Logic}},
	number = {2},
	pages = {428–502},
	publisher = {Elsevier},
	title = {Relating first-order set theories, toposes and categories of classes},
	volume = {165},
	year = {2014}
}

@unpublished{benabou2000distributors,
	author = {Bénabou, J.},
	note = {Lecture notes written by T. Streicher},
	title = {Distributors at work},
	year = {2000}
}

@article{benabou1985fibered,
	author = {Bénabou, J.},
	journal = {The Journal of Symbolic Logic},
	number = {01},
	pages = {10–37},
	publisher = {Cambridge Univ Press},
	title = {Fibered categories and the foundations of naive category theory},
	volume = {50},
	year = {1985}
}

@inproceedings{benabou1967introduction,
	author = {Bénabou, J.},
	booktitle = {Reports of the Midwest Category Seminar},
	organization = {Springer},
	pages = {1–77},
	title = {Introduction to bicategories},
	year = {1967}
}

@article{bfssfuncpoly,
	author = {Bainbridge, E.S. and Freyd, P.J. and Scedrov, A. and Scott, P.J.},
	coden = {TCSDI},
	fjournal = {Theoretical Computer Science},
	issn = {0304-3975},
	journal = {Theoret. Comput. Sci.},
	mrclass = {03G30 (03B40 03B70 68Q55)},
	mrnumber = {MR1047051 (91g:03129a)},
	mrreviewer = {John C. Mitchell},
	number = {1},
	pages = {35–64},
	title = {Functorial polymorphism},
	volume = {70},
	year = {1990}
}

@book{barendregt1984lambda,
	author = {Barendregt, H.P.},
	edition = {Revised},
	isbn = {0-444-86748-1; 0-444-87508-5},
	mrclass = {03B40 (03-02)},
	mrnumber = {774952 (86a:03012)},
	pages = {xv+621},
	publisher = {North-Holland Publishing Co., Amsterdam},
	series = {Studies in Logic and the Foundations of Mathematics},
	title = {The lambda calculus, Its syntax and semantics},
	volume = {103},
	year = {1984}
}

@article{bauer2004equilogical,
	author = {Bauer, A. and Birkedal, L. and Scott, D.S.},
	journal = {Theoretical Computer Science},
	number = {1},
	pages = {35–59},
	publisher = {Elsevier},
	title = {Equilogical spaces},
	volume = {315},
	year = {2004}
}

@book{bell1985boolean,
	author = {Bell, J.L.},
	publisher = {Clarendon Press New York etc.},
	title = {Boolean-valued models and independence proofs in set theory},
	year = {1985}
}

@article{van2012predicative,
	author = {van den Berg, B.},
	journal = {arXiv preprint arXiv:1207.0959},
	title = {Predicative toposes},
	year = {2012}
}

@book{biering2008dialectia,
	author = {Biering, B.},
	publisher = {IT University of Copenhagen},
	title = {Dialectia Interpretations: A Categorical Analysis},
	year = {2008}
}

@unpublished{bieringaldial,
	author = {Biering, B. and Birkedal, L. and Butz, C. and Hyland, J.M.E. and van Oosten, J. and Rosolini, G. and Streicher, T.},
	note = {Preprint for publication},
	title = {Topos Theoretic Versions of Dialectica Interpretations}
}

@article{bird_kelly_power_street_flexible,
	author = {Bird, G.J. and Kelly, G.M. and Power, A.J. and Street, R.},
	fjournal = {Journal of Pure and Applied Algebra},
	issn = {0022-4049},
	journal = {J. Pure Appl. Algebra},
	number = {1},
	pages = {1–27},
	title = {Flexible limits for {$2$}-categories},
	volume = {61},
	year = {1989}
}

@book{birkedal2000,
	address = {Amsterdam},
	author = {Birkedal, L.},
	publisher = {Elsevier Science B.V.},
	series = {Electronic Notes in Theoretical Computer Science},
	title = {Developing theories of types and computability via realizability},
	volume = {34},
	year = {2000}
}

@inproceedings{birkedal1998type,
	author = {Birkedal, L. and Carboni, A. and Rosolini, G. and Scott, D.S.},
	booktitle = {Logic in Computer Science, 1998. Proceedings. Thirteenth Annual IEEE Symposium on},
	organization = {IEEE},
	pages = {188–198},
	title = {Type theory via exact categories},
	year = {1998}
}

@article{birkoost,
	author = {Birkedal, L. and van Oosten, J.},
	coden = {APALD7},
	fjournal = {Annals of Pure and Applied Logic},
	issn = {0168-0072},
	journal = {Ann. Pure Appl. Logic},
	number = {1-2},
	pages = {115–132},
	title = {Relative and modified relative realizability},
	volume = {118},
	year = {2002}
}

@article{blackwell_kelly_power_two_dimensional_monad_theory,
	author = {Blackwell, R. and Kelly, G.M. and Power, A.J.},
	fjournal = {Journal of Pure and Applied Algebra},
	issn = {0022-4049},
	journal = {J. Pure Appl. Algebra},
	number = {1},
	pages = {1–41},
	title = {Two-dimensional monad theory},
	volume = {59},
	year = {1989}
}

@article{boileau1981logique,
	author = {Boileau, A. and Joyal, A.},
	issn = {0022-4812},
	journal = {The Journal of Symbolic Logic},
	number = {1},
	pages = {6–16},
	publisher = {JSTOR},
	title = {La logique des topos},
	volume = {46},
	year = {1981}
}

@book{borceux1,
	address = {Cambridge},
	author = {Borceux, F.},
	isbn = {0-521-44178-1},
	pages = {xvi+345},
	publisher = {Cambridge University Press},
	series = {Encyclopedia of Mathematics and its Applications},
	title = {Handbook of categorical algebra. 1},
	volume = {50},
	year = {1994}
}

@book{borceux2,
	address = {Cambridge},
	author = {Borceux, F.},
	isbn = {0-521-44179-X},
	note = {Categories and structures},
	pages = {xviii+443},
	publisher = {Cambridge University Press},
	series = {Encyclopedia of Mathematics and its Applications},
	title = {Handbook of categorical algebra. 2},
	volume = {51},
	year = {1994}
}

@book{borceux3,
	address = {Cambridge},
	author = {Borceux, F.},
	isbn = {0-521-44180-3},
	note = {Categories of sheaves},
	pages = {xviii+522},
	publisher = {Cambridge University Press},
	series = {Encyclopedia of Mathematics and its Applications},
	title = {Handbook of categorical algebra. 3},
	volume = {52},
	year = {1994}
}

@article{brown1973abstract,
	author = {Brown, K.S.},
	journal = {Transactions of the American Mathematical Society},
	pages = {419–458},
	title = {Abstract homotopy theory and generalized sheaf cohomology},
	volume = {186},
	year = {1973}
}

@article{debruijn1972lambda,
	author = {de Bruijn, N.G.},
	journal = {Nederl. Akad. Wetensch. Proc. Ser. A {\bf 75}=Indag. Math.},
	mrclass = {02C20},
	mrnumber = {0321704 (48 \#71)},
	mrreviewer = {B. Lercher},
	pages = {381–392},
	title = {Lambda calculus notation with nameless dummies, a tool for automatic formula manipulation, with application to the {C}hurch-{R}osser theorem},
	volume = {34},
	year = {1972}
}

@article{bunge1977internal,
	author = {Bunge, M.},
	journal = {Cahiers Topo. et Géo. Diff. XVIII-3},
	pages = {291–3},
	title = {Internal presheaves toposes},
	year = {1977}
}

@article{bunge1979stacks,
	author = {Bunge, M. and Paré, R.},
	journal = {Cahiers de Topologie XX (4)},
	pages = {373–399},
	title = {Stacks and equivalence of indexed categories},
	year = {1979}
}

@article{carboni1995some,
	author = {Carboni, A.},
	journal = {Journal of pure and applied algebra},
	number = {2},
	pages = {117–148},
	publisher = {Elsevier},
	title = {Some free constructions in realizability and proof theory},
	volume = {103},
	year = {1995}
}

@article{carboni1982free,
	author = {Carboni, A. and {Celia Magno}, R.},
	journal = {Journal of the Australian Mathematical Society (Series A)},
	number = {03},
	pages = {295–301},
	publisher = {Cambridge Univ Press},
	title = {The free exact category on a left exact one},
	volume = {33},
	year = {1982}
}

@article{carboni1988categorical,
	author = {Carboni, A. and Freyd, P. and Scedrov, A.},
	journal = {Mathematical Foundations of Programming Language Semantics},
	pages = {23–42},
	publisher = {Springer},
	title = {A categorical approach to realizability and polymorphic types},
	year = {1988}
}

@article{carboni1997localization,
	author = {Carboni, A. and Janelidze, G. and Kelly, G.M. and Paré, R.},
	journal = {Applied Categorical Structures},
	number = {1},
	pages = {1–58},
	publisher = {Springer},
	title = {On localization and stabilization for factorization systems},
	volume = {5},
	year = {1997}
}

@article{carboni19982,
	author = {Carboni, A. and Kelly, G.M. and Verity, D. and Wood, R.J.},
	journal = {Theory and Applications of Categories},
	number = {5},
	pages = {82–136},
	title = {A 2-categorical approach to change of base and geometric morphisms II},
	volume = {4},
	year = {1998}
}

@article{carboni2008cartesian,
	author = {Carboni, A. and Kelly, G.M. and Walters, R.F.C. and Wood, R.J.},
	journal = {Theory and Applications of Categories},
	number = {6},
	pages = {93–124},
	title = {Cartesian bicategories {I}{I}},
	volume = {19},
	year = {2008}
}

@article{carboni2000locally,
	author = {Carboni, A. and Rosolini, G.},
	journal = {Journal of Pure and Applied Algebra},
	number = {1},
	pages = {103–116},
	publisher = {Elsevier},
	title = {Locally cartesian closed exact completions},
	volume = {154},
	year = {2000}
}

@article{carboni1987cartesian,
	author = {Carboni, A. and Walters, R.F.C.},
	journal = {Journal of pure and applied algebra},
	number = {1-2},
	pages = {11–32},
	publisher = {Elsevier},
	title = {Cartesian bicategories {I}},
	volume = {49},
	year = {1987}
}

@article{carraro2013untyped,
	author = {Carraro, A.},
	journal = {EPTCS},
	pages = {77–92},
	title = {The untyped stack calculus and {Bö}hm's theorem},
	volume = {113}
}

@inproceedings{carraro2012stack,
	author = {Carraro, A. and Ehrhard, T. and Salibra, A.},
	booktitle = {Proceedings Seventh Workshop on Logical and Semantic Frameworks, with Applications, {LSFA} 2012, Rio de Janeiro, Brazil, September 29-30, 2012.},
	pages = {93–108},
	title = {The stack calculus},
	year = {2012}
}

@article{decarvalhoimplicit,
	author = {de Carvalho, D. and Simonsen, J.G.},
	title = {An Implicit Characterization of the Polynomial-Time Decidable Sets by Cons-Free Rewriting}
}

@article{cassidy1985reflective,
	author = {Cassidy, C. and Hébert, M. and Kelly, G.M.},
	coden = {JAMADS},
	fjournal = {Australian Mathematical Society. Journal. Series A. Pure Mathematics and Statistics},
	issn = {0263-6115},
	journal = {J. Austral. Math. Soc. Ser. A},
	mrclass = {18A20 (18E35)},
	mrnumber = {779198 (86j:18001)},
	mrreviewer = {Jiří Adámek},
	number = {3},
	pages = {287–329},
	title = {Reflective subcategories, localizations and factorization systems},
	volume = {38},
	year = {1985}
}

@article{cohen1963independence,
	author = {Cohen, P.},
	fjournal = {Proceedings of the National Academy of Sciences of the United States of America},
	issn = {0027-8424},
	journal = {Proc. Nat. Acad. Sci. U.S.A.},
	mrclass = {02.65},
	mrnumber = {0157890 (28 \#1118)},
	mrreviewer = {A. Mostowski},
	pages = {1143–1148},
	title = {The independence of the continuum hypothesis},
	volume = {50},
	year = {1963}
}

@inproceedings{cregut90abstract,
	author = {Crégut, P.},
	bibsource = {dblp computer science bibliography, http://dblp.org},
	biburl = {http://dblp.uni-trier.de/rec/bib/conf/lfp/Cregut90},
	booktitle = {{LISP} and Functional Programming},
	doi = {10.1145/91556.91681},
	pages = {333–340},
	timestamp = {Tue, 26 Jul 4454889 12:46:24 +g},
	title = {An Abstract Machine for Lambda-Terms Normalization},
	url = {http://doi.acm.org/10.1145/91556.91681},
	year = {1990}
}

@article{dallago2008weak,
	author = {{Dal Lago}, U. and Martini, S.},
	journal = {Theoretical Computer Science},
	number = {1},
	pages = {32–50},
	publisher = {Elsevier},
	title = {The weak lambda calculus as a reasonable machine},
	volume = {398},
	year = {2008}
}

@article{day2007limits,
	author = {Day, B.J. and Lack, S.},
	journal = {Journal of Pure and Applied Algebra},
	number = {3},
	pages = {651–663},
	publisher = {Elsevier},
	title = {Limits of small functors},
	volume = {210},
	year = {2007}
}

@article{dms03,
	author = {Day, B. and McCrudden, P. and Street, R.},
	coden = {ACASE6},
	fjournal = {Applied Categorical Structures. A Journal Devoted to Applications of Categorical Methods in Algebra, Analysis, Order, Topology and Computer Science},
	issn = {0927-2852},
	journal = {Appl. Categ. Structures},
	mrclass = {18D05 (16W30 18D10 18D20)},
	mrnumber = {MR1990034 (2004b:18013)},
	number = {3},
	pages = {229–260},
	title = {Dualizations and antipodes},
	volume = {11},
	year = {2003}
}

@article{day1997monoidal,
	author = {Day, B. and Street, R.},
	journal = {Advances in Mathematics},
	number = {1},
	pages = {99–157},
	publisher = {Academic Press},
	title = {Monoidal bicategories and Hopf algebroids},
	volume = {129},
	year = {1997}
}

@incollection{vanemdeboas1991machine,
	author = {van Emde Boas, P.},
	booktitle = {Handbook of theoretical computer science, {V}ol.\ {A}},
	pages = {1–66},
	publisher = {Elsevier, Amsterdam},
	title = {Machine models and simulations},
	year = {1990}
}

@article{fausk2003isomorphisms,
	author = {Fausk, H. and Hu, P. and May, J.P.},
	journal = {Theory and Applications of Categories},
	number = {4},
	pages = {107–131},
	title = {Isomorphisms between left and right adjoints},
	volume = {11},
	year = {2003}
}

@article{ferrer2015ordered,
	author = {Ferrer, W. and Frey, J. and Guillermo, M. and Malherbe, O. and Miquel, A.},
	issn = {1469-8072},
	journal = {Mathematical Structures in Computer Science},
	month = {Sep},
	pages = {1–31},
	title = {Ordered combinatory algebras and realizability},
	year = {2015}
}

@article{fourman1979sheaves,
	author = {Fourman, M. and Scott, D.},
	journal = {Applications of sheaves},
	pages = {302–401},
	publisher = {Springer},
	title = {Sheaves and logic},
	year = {1979}
}

@article{frey2015triposes,
	author = {Frey, J.},
	journal = {Annals of pure and applied logic},
	number = {2},
	pages = {232–259},
	publisher = {Elsevier},
	title = {Triposes, q-toposes and toposes},
	volume = {166},
	year = {2015}
}

@phdthesis{frey2013fibrational,
	author = {Frey, J.},
	school = {Paris 7 University},
	title = {A fibrational study of realizability toposes},
	year = {2013}
}

@article{frey2011,
	author = {Frey, J.},
	journal = {arXiv preprint arXiv:1104.2776},
	title = {A 2-Categorical Analysis of the Tripos-to-Topos Construction},
	year = {2011}
}

@techreport{frey2007universal,
	author = {Frey, J.},
	institution = {TU Darmstadt},
	title = {A universal characterization of the tripos-to-topos construction},
	year = {2007}
}

@unpublished{master-thesis,
	author = {Frey, J.},
	note = {master thesis, available at \url{http://www.pps.jussieu.fr/~frey/main.pdf}},
	title = {A Universal Characterisation of the Tripos-to-Topos Construction},
	year = {2007}
}

@article{freyd1969several,
	author = {Freyd, P.J.},
	journal = {Category Theory, Homology Theory and Their Applications III},
	pages = {196–241},
	publisher = {Springer},
	title = {Several new concepts: lucid and concordant functors, pre-limits, pre-completeness, the continuous and concordant completions of categories},
	year = {1969}
}

@article{freyd-kelly-cats_of_cont_functors,
	author = {Freyd, P.J. and Kelly, G.M.},
	fjournal = {Journal of Pure and Applied Algebra},
	issn = {0022-4049},
	journal = {J. Pure Appl. Algebra},
	mrclass = {18A25},
	mrnumber = {MR0322004 (48 \#369)},
	mrreviewer = {M. Tierney},
	pages = {169–191},
	title = {Categories of continuous functors. {I}},
	volume = {2},
	year = {1972}
}

@book{freyd1990categories,
	author = {Freyd, P.J. and Scedrov, A.},
	publisher = {Elsevier},
	title = {Categories, allegories},
	volume = {39},
	year = {1990}
}

@incollection{friedman1977classically,
	author = {Friedman, H.},
	booktitle = {Higher set theory ({P}roc. {C}onf., {M}ath. {F}orschungsinst., {O}berwolfach, 1977)},
	mrclass = {03F50 (03D20 03E70)},
	mrnumber = {520186 (80b:03093)},
	mrreviewer = {H. Schwichtenberg},
	pages = {21–27},
	publisher = {Springer, Berlin},
	series = {Lecture Notes in Math.},
	title = {Classically and intuitionistically provably recursive functions},
	volume = {669},
	year = {1978}
}

@article{godel1958bisher,
	author = {Gödel, K.},
	journal = {dialectica},
	number = {3-4},
	pages = {280–287},
	publisher = {Wiley Online Library},
	title = {Über eine bisher noch nicht benützte Erweiterung des finiten Standpunktes},
	volume = {12},
	year = {1958}
}

@book{gierz2003continuous,
	author = {Gierz, G. and Hofmann, K.H. and Keimel, K. and Lawson, J.D. and Mislove, M. and Scott, D.S.},
	publisher = {Cambridge University Press},
	title = {Continuous {L}attices and {D}omains},
	year = {2003}
}

@article{girard2001locus,
	author = {Girard, J.Y.},
	journal = {Mathematical Structures in Computer Science},
	number = {03},
	pages = {301–506},
	publisher = {Cambridge Univ Press},
	title = {Locus solum: From the rules of logic to the logic of rules},
	volume = {11},
	year = {2001}
}

@article{girard1991new,
	author = {Girard, J.Y.},
	journal = {Mathematical Structures in Computer Science},
	number = {03},
	pages = {255–296},
	publisher = {Cambridge Univ Press},
	title = {A new constructive logic: classic logic},
	volume = {1},
	year = {1991}
}

@book{girard1989proofs,
	address = {Cambridge},
	author = {Girard, J.Y. and Taylor, P. and Lafont, Y.},
	isbn = {0-521-37181-3},
	mrclass = {03B40 (03B70 03F50 03F55 68Q55)},
	mrnumber = {MR1003608 (90g:03013)},
	mrreviewer = {Fangmin Song},
	pages = {xii+176},
	publisher = {Cambridge University Press},
	series = {Cambridge Tracts in Theoretical Computer Science},
	title = {Proofs and types},
	volume = {7},
	year = {1989}
}

@article{giraud1963analysis,
	author = {Giraud, J.},
	journal = {Séminaire Bourbaki},
	pages = {11},
	title = {Analysis situs},
	volume = {63},
	year = {1963}
}

@book{goerss2009simplicial,
	author = {Goerss, P.G. and Jardine, J.F.},
	publisher = {Birkhäuser Basel},
	title = {Simplicial homotopy theory},
	year = {2009}
}

@article{gps95,
	author = {Gordon, R. and Power, A.J. and Street, R.},
	coden = {MAMCAU},
	fjournal = {Memoirs of the American Mathematical Society},
	issn = {0065-9266},
	journal = {Mem. Amer. Math. Soc.},
	mrclass = {18D05},
	mrnumber = {MR1261589 (96j:18002)},
	mrreviewer = {Kimmo I. Rosenthal},
	number = {558},
	pages = {vi+81},
	title = {Coherence for tricategories},
	volume = {117},
	year = {1995}
}

@article{grandis1999limits,
	author = {Grandis, M. and Paré, R.},
	journal = {Cahiers de Topologie et Géométrie Différentielle Catégoriques},
	pages = {162–220},
	publisher = {CAHIERS},
	title = {Limits in double categories},
	volume = {40},
	year = {1999}
}

@book{gray74,
	address = {Berlin},
	author = {Gray, J.},
	mrclass = {18DXX},
	mrnumber = {MR0371990 (51 \#8207)},
	mrreviewer = {R. H. Street},
	note = {Lecture Notes in Mathematics, Vol. 391},
	pages = {xii+282},
	publisher = {Springer-Verlag},
	title = {Formal category theory: adjointness for {$2$}-categories},
	year = {1974}
}

@article{grothendieck1972theorie,
	author = {Grothendieck, A. and Artin, M. and Verdier, J.L.},
	journal = {Lecture Notes in Mathematics},
	title = {Théorie des topos et cohomologie étale des schémas},
	volume = {269},
	year = {1972}
}

@phdthesis{gurski06,
	author = {Gurski, N.},
	note = {\url{www.math.yale.edu/~mg622/tricats.pdf}},
	school = {University of Chicago},
	title = {An algebraic theory of tricategories},
	year = {2006}
}

@book{hartshorne1977algebraic,
	author = {Hartshorne, R.},
	isbn = {0-387-90244-9},
	mrclass = {14-01},
	mrnumber = {0463157 (57 \#3116)},
	mrreviewer = {Robert Speiser},
	note = {Graduate Texts in Mathematics, No. 52},
	pages = {xvi+496},
	publisher = {Springer-Verlag, New York-Heidelberg},
	title = {Algebraic geometry},
	year = {1977}
}

@article{higgs1973category,
	author = {Higgs, D.},
	journal = {preprint, University of Waterloo},
	title = {A category approach to Boolean-valued set theory},
	year = {1973}
}

@book{hindley2008lambda,
	author = {Hindley, J. Roger and Seldin, Jonathan P.},
	doi = {10.1017/CBO9780511809835},
	isbn = {978-0-521-89885-0},
	mrclass = {03-01 (03B40 68N18)},
	mrnumber = {2435558 (2009h:03001)},
	pages = {xii+345},
	publisher = {Cambridge University Press, Cambridge},
	title = {Lambda-calculus and combinators, an introduction},
	url = {http://dx.doi.org/10.1017/CBO9780511809835},
	year = {2008}
}

@inproceedings{hofstra2008iterated,
	author = {Hofstra, P.J.W.},
	booktitle = {Mathematical Proceedings of the Cambridge Philosophical Society},
	number = {1},
	organization = {Cambridge Univ Press},
	pages = {39},
	title = {Iterated realizability as a comma construction},
	volume = {144},
	year = {2008}
}

@article{hofstra2006all,
	author = {Hofstra, P.J.W.},
	journal = {Math. Proc. Cambridge Philos. Soc.},
	number = {02},
	organization = {Cambridge Univ Press},
	pages = {239–264},
	title = {All realizability is relative},
	volume = {141},
	year = {2006}
}

@article{hofstra2004relative,
	author = {Hofstra, P.J.W.},
	journal = {Journal of Pure and Applied Algebra},
	number = {1},
	pages = {129–148},
	publisher = {Elsevier},
	title = {Relative completions},
	volume = {192},
	year = {2004}
}

@phdthesis{hofstra2003completions,
	author = {Hofstra, P.J.W.},
	school = {University of Utrecht},
	title = {Completions in realizability},
	year = {2003}
}

@article{hofstra2003ordered,
	author = {Hofstra, P.J.W. and van Oosten, J.},
	journal = {Math. Proc. Cambridge Philos. Soc.},
	number = {3},
	organization = {Cambridge Univ Press},
	pages = {445–463},
	title = {Ordered partial combinatory algebras},
	volume = {134},
	year = {2003}
}

@inproceedings{hyland1991first,
	author = {Hyland, J.M.E.},
	booktitle = {Category Theory},
	organization = {Springer},
	pages = {131–156},
	title = {First steps in synthetic domain theory},
	year = {1991}
}

@incollection{hyland82,
	address = {Amsterdam},
	author = {Hyland, J.M.E.},
	booktitle = {The {L}.{E}.{J}. {B}rouwer {C}entenary {S}ymposium ({N}oordwijkerhout, 1981)},
	mrclass = {03G30},
	mrnumber = {MR717245 (84m:03101)},
	mrreviewer = {J. L. Bell},
	pages = {165–216},
	publisher = {North-Holland},
	series = {Stud. Logic Foundations Math.},
	title = {The effective topos},
	volume = {110},
	year = {1982}
}

@article{hjp80,
	author = {Hyland, J.M.E. and Johnstone, P.T. and Pitts, A.M.},
	coden = {MPCPCO},
	fjournal = {Mathematical Proceedings of the Cambridge Philosophical Society},
	journal = {Math. Proc. Cambridge Philos. Soc.},
	number = {2},
	pages = {205–231},
	title = {Tripos theory},
	volume = {88},
	year = {1980}
}

@article{hrr90,
	author = {Hyland, J.M.E. and Robinson, E.P. and Rosolini, G.},
	coden = {PLMTAL},
	fjournal = {Proceedings of the London Mathematical Society. Third Series},
	issn = {0024-6115},
	journal = {Proc. London Math. Soc. (3)},
	mrreviewer = {Ieke Moerdijk},
	number = {1},
	pages = {1–36},
	title = {The discrete objects in the effective topos},
	volume = {60},
	year = {1990}
}

@article{hyland2010some,
	author = {Hyland, J.M.E.},
	journal = {Mathematical Structures in Computer Science},
	number = {02},
	pages = {239–265},
	publisher = {Cambridge Univ Press},
	title = {Some reasons for generalising domain theory},
	volume = {20},
	year = {2010}
}

@book{jacobs2001categorical,
	author = {Jacobs, B.},
	publisher = {Elsevier Science Ltd},
	title = {Categorical logic and type theory},
	year = {2001}
}

@article{johnstone2013,
	author = {Johnstone, P.T.},
	fjournal = {Theory and Applications of Categories},
	issn = {1201-561X},
	journal = {Theory Appl. Categ.},
	mrclass = {18B25 (03G30)},
	mrnumber = {3148489},
	mrreviewer = {Olivia Caramello},
	pages = {No. 32, 1139–1152},
	title = {The {G}leason cover of a realizability topos},
	volume = {28},
	year = {2013}
}

@article{johnstone2010review,
	author = {Johnstone, P.T.},
	issn = {10798986},
	journal = {The Bulletin of Symbolic Logic},
	number = {3},
	pages = {407–409},
	publisher = {Association for Symbolic Logic},
	reviewed-author = {Jaap van Oosten},
	title = {Review of J. van~Oosten's “Realizability: an Introduction to its Categorical Side”},
	url = {http://www.jstor.org/stable/20749624},
	volume = {16},
	year = {2010}
}

@book{elephant1,
	address = {New York},
	author = {Johnstone, P.T.},
	isbn = {0-19-853425-6},
	mrclass = {18B25 (18-02)},
	mrnumber = {MR1953060 (2003k:18005)},
	mrreviewer = {Colin McLarty},
	pages = {xxii+468+71},
	publisher = {The Clarendon Press Oxford University Press},
	series = {Oxford Logic Guides},
	title = {Sketches of an elephant: a topos theory compendium. {V}ol. 1},
	volume = {43},
	year = {2002}
}

@book{elephant2,
	address = {Oxford},
	author = {Johnstone, P.T.},
	isbn = {0-19-851598-7},
	pages = {i–xxii, 469–1089 and I1–I71},
	publisher = {The Clarendon Press Oxford University Press},
	series = {Oxford Logic Guides},
	title = {Sketches of an elephant: a topos theory compendium. {V}ol. 2},
	volume = {44},
	year = {2002}
}

@article{johnstone93,
	author = {Johnstone, P.T.},
	fjournal = {Applied Categorical Structures. A Journal Devoted to Applications of Categorical Methods in Algebra, Analysis, Order, Topology and Computer Science},
	journal = {Appl. Categ. Structures},
	number = {2},
	pages = {141–179},
	title = {Fibrations and partial products in a {$2$}-category},
	volume = {1},
	year = {1993}
}

@book{johnstone1986stone,
	author = {Johnstone, P.T.},
	publisher = {Cambridge University Press},
	title = {Stone spaces},
	volume = {3},
	year = {1986}
}

@book{johnstone1977topos,
	author = {Johnstone, P.T.},
	note = {London Mathematical Society Monographs, Vol. 10},
	publisher = {Academic Press [Harcourt Brace Jovanovich, Publishers], London-New York},
	title = {Topos theory},
	year = {1977}
}

@unpublished{catlist2003pca,
	author = {Johnstone, P.T. and Lietz, P. and Longley, J. and Streicher, T. and van Oosten, J.},
	note = {Accessible at \url{http://comments.gmane.org/gmane.science.mathematics.categories/2153}},
	title = {Discussion about {PCAs} on the categories mailing list},
	year = {2003}
}

@book{jones1997computability,
	author = {Jones, N.D.},
	bibsource = {dblp computer science bibliography, http://dblp.org},
	biburl = {http://dblp.uni-trier.de/rec/bib/books/daglib/0090683},
	isbn = {978-0-262-10064-9},
	publisher = {{MIT} Press},
	series = {Foundations of computing series},
	timestamp = {Sat, 21 Sep 4448176 02:14:56 +s},
	title = {Computability and complexity - from a programming perspective},
	year = {1997}
}

@book{joyal1995algebraic,
	author = {Joyal, A. and Moerdijk, I.},
	publisher = {Cambridge University Press},
	title = {Algebraic set theory},
	volume = {220},
	year = {1995}
}

@article{kelly_basic_concepts_of_enriched,
	author = {Kelly, G.M.},
	fjournal = {Reprints in Theory and Applications of Categories},
	journal = {Repr. Theory Appl. Categ.},
	note = {{ }Reprint of the 1982 original [Cambridge Univ. Press, Cambridge; MR0651714]},
	pages = {vi+137},
	title = {Basic concepts of enriched category theory},
	year = {2005}
}

@article{kelly_elementary_observations_on_2_categorical_limits,
	author = {Kelly, G.M.},
	fjournal = {Bulletin of the Australian Mathematical Society},
	issn = {0004-9727},
	journal = {Bull. Austral. Math. Soc.},
	number = {2},
	pages = {301–317},
	title = {Elementary observations on {$2$}-categorical limits},
	volume = {39},
	year = {1989}
}

@conference{kelly1974doctrinal,
	author = {Kelly, G.},
	booktitle = {Category Seminar},
	organization = {Springer},
	pages = {257–280},
	title = {Doctrinal adjunction},
	year = {1974}
}

@article{kleene1945interpretation,
	author = {Kleene, S.C.},
	journal = {J. Symb. Log.},
	number = {4},
	pages = {109–124},
	title = {On the interpretation of intuitionistic number theory},
	volume = {10},
	year = {1945}
}

@book{kock2006synthetic,
	author = {Kock, A.},
	number = {333},
	publisher = {Cambridge University Press},
	title = {Synthetic differential geometry},
	year = {2006}
}

@book{kock2010synthetic,
  title={Synthetic geometry of manifolds},
  author={Kock, A.},
  volume={180},
  year={2010},
  publisher={Cambridge University Press}
}

@article{kock1972strong,
	author = {Kock, A.},
	journal = {Archiv der Mathematik},
	number = {1},
	pages = {113–120},
	publisher = {Springer},
	title = {Strong functors and monoidal monads},
	volume = {23},
	year = {1972}
}

@article{kreisel1959interpretation,
	author = {Kreisel, G.},
	title = {Interpretation of analysis by means of constructive functionals of finite types},
	year = {1959}
}

@incollection{kripke1965semantical,
	author = {Kripke, S.},
	booktitle = {Formal {S}ystems and {R}ecursive {F}unctions ({P}roc. {E}ighth {L}ogic {C}olloq., {O}xford, 1963)},
	mrclass = {02.23},
	mrnumber = {0201300 (34 \#1184)},
	mrreviewer = {R. E. Vesley},
	pages = {92–130},
	publisher = {North-Holland, Amsterdam},
	title = {Semantical analysis of intuitionistic logic. {I}},
	year = {1965}
}

@article{krivine2011ralgsii,
	author = {Krivine, J.L.},
	doi = {10.2168/LMCS-8(1:10)2012},
	fjournal = {Logical Methods in Computer Science},
	issn = {1860-5974},
	journal = {Log. Methods Comput. Sci.},
	mrclass = {03E30 (03B40 03C62)},
	mrnumber = {2893398},
	number = {1},
	pages = {1:10, 28},
	title = {Realizability algebras {II}: {N}ew models of {$\mathrm{ZF}+\mathrm{DC}$}},
	url = {http://dx.doi.org/10.2168/LMCS-8(1:10)2012},
	volume = {8},
	year = {2012}
}

@article{krivine2012ralgsiii,
	author = {Krivine, J.L.},
	journal = {arXiv preprint arXiv:1210.5065},
	title = {Realizability algebras {III}: some examples},
	year = {2012}
}

@article{krivine2011ralgs,
	author = {Krivine, J.L.},
	fjournal = {Logical Methods in Computer Science},
	issn = {1860-5974},
	journal = {Log. Methods Comput. Sci.},
	number = {3},
	pages = {3:02, 47},
	title = {Realizability algebras: a program to well order {$\mathbb{R}$}},
	volume = {7},
	year = {2011}
}

@article{krivine2009realizabilitypanorama,
	author = {Krivine, J.L.},
	journal = {Panoramas et synthèses},
	pages = {197–229},
	title = {Realizability in classical logic},
	volume = {27},
	year = {2009}
}

@article{krivine2007call,
	author = {Krivine, J.L.},
	journal = {Higher-Order and Symbolic Computation},
	number = {3},
	pages = {199–207},
	publisher = {Springer},
	title = {A call-by-name lambda-calculus machine},
	volume = {20},
	year = {2007}
}

@misc{krivine2004wigner,
	author = {Krivine, J.L.},
	publisher = {ARCo},
	title = {Wigner, {C}urry et {H}oward – La déraisonnable efficacité des mathématiques},
	year = {2004}
}

@article{krivine2003dependent,
	author = {Krivine, J.L.},
	coden = {TCSDI},
	doi = {10.1016/S0304-3975(02)00776-4},
	fjournal = {Theoretical Computer Science},
	issn = {0304-3975},
	journal = {Theoret. Comput. Sci.},
	mrclass = {03B40 (03B15 03E25)},
	mrnumber = {2014580 (2004m:03057)},
	mrreviewer = {Fairouz D. Kamareddine},
	number = {1-3},
	pages = {259–276},
	title = {Dependent choice, `quote' and the clock},
	url = {http://dx.doi.org/10.1016/S0304-3975(02)00776-4},
	volume = {308},
	year = {2003}
}

@article{krivine1996classical,
	author = {Krivine, J.L.},
	journal = {Annals of mathematics and Artificial Intelligence},
	number = {1},
	pages = {405–414},
	publisher = {Springer},
	title = {About classical logic and imperative programming},
	volume = {16},
	year = {1996}
}

@article{krivine1991lambda,
	author = {Krivine, J.L.},
	fjournal = {RAIRO Informatique Théorique et Applications. Theoretical Informatics and Applications},
	issn = {0988-3754},
	journal = {RAIRO Inform. Théor. Appl.},
	mrclass = {68Q55 (03B40)},
	mrnumber = {1104412 (93a:68084)},
	mrreviewer = {M. Coppo},
	number = {1},
	pages = {67–84},
	title = {Lambda-calcul, évaluation paresseuse et mise en mémoire},
	volume = {25},
	year = {1991}
}

@article{krivine1985interpreteur,
	author = {Krivine, J.L.},
	note = {Note. Available at \url{http://www.pps.jussieu.fr/~krivine/articles/interprt.pdf}},
	title = {Un interpréteur du lambda-calcul},
	year = {1985}
}

@incollection{lack20102,
	author = {Lack, S.},
	booktitle = {Towards higher categories},
	pages = {105–191},
	publisher = {Springer},
	title = {A 2-categories companion},
	year = {2010}
}

@article{lack_limits_for_lax_morphisms,
	author = {Lack, S.},
	fjournal = {Applied Categorical Structures. A Journal Devoted to Applications of Categorical Methods in Algebra, Analysis, Order, Topology and Computer Science},
	issn = {0927-2852},
	journal = {Appl. Categ. Structures},
	number = {3},
	pages = {189–203},
	title = {Limits for lax morphisms},
	volume = {13},
	year = {2005}
}

@book{lambekscott86,
	address = {Cambridge},
	author = {Lambek, J. and Scott, P.J.},
	isbn = {0-521-24665-2},
	mrclass = {03B40 (03-02 03B15 03G30 18-02 18B25 18D15)},
	mrnumber = {MR856915 (88a:03032)},
	mrreviewer = {Saunders Mac Lane},
	pages = {x+293},
	publisher = {Cambridge University Press},
	series = {Cambridge Studies in Advanced Mathematics},
	title = {Introduction to higher order categorical logic},
	volume = {7},
	year = {1986}
}

@article{lawvere2006adjointnesswithcommentary,
	author = {Lawvere, F.W.},
	fjournal = {Reprints in Theory and Applications of Categories},
	journal = {Repr. Theory Appl. Categ.},
	note = {Reprint of the 1969 original [Dialectia 23.3-4]},
	number = {16},
	title = {Adjointness in foundations, with author commentary},
	year = {2006}
}

@incollection{lawvere1996adjoints,
	author = {Lawvere, F.W.},
	booktitle = {Lecture notes in pure and applied mathematics},
	pages = {181–190},
	publisher = {Marcel Dekker},
	title = {Adjoints in and among bicategories},
	year = {1996}
}

@misc{lawvere1973perugia,
	author = {Lawvere, F.W.},
	publisher = {Unpublished},
	title = {Perugia notes},
	year = {1973}
}

@article{lawvere1970equality,
	author = {Lawvere, F.W.},
	journal = {Applications of Categorical Algebra},
	pages = {1–14},
	title = {Equality in hyperdoctrines and the comprehension schema as an adjoint functor},
	volume = {17},
	year = {1970}
}

@article{lawvere1969adjointness,
	author = {Lawvere, F.W.},
	journal = {Dialectica},
	number = {3-4},
	pages = {281–296},
	publisher = {Wiley Online Library},
	title = {Adjointness in foundations},
	volume = {23},
	year = {1969}
}

@book{leinsterhohc,
	address = {Cambridge},
	author = {Leinster, T.},
	isbn = {0-521-53215-9},
	mrclass = {18D50 (55P48)},
	mrnumber = {MR2094071 (2005h:18030)},
	mrreviewer = {R. H. Street},
	pages = {xiv+433},
	publisher = {Cambridge University Press},
	series = {London Mathematical Society Lecture Note Series},
	title = {Higher operads, higher categories},
	volume = {298},
	year = {2004}
}

@article{leinster1998basic,
	author = {Leinster, T.},
	journal = {Arxiv preprint math.CT/9810017},
	title = {Basic bicategories},
	year = {1998}
}

@article{leroy1990zinc,
	author = {Leroy, X.},
	title = {The {ZINC} experiment: an economical implementation of the {ML} language},
	year = {1990}
}

@article{lietz2002impredicativity,
	author = {Lietz, P. and Streicher, T.},
	journal = {Mathematical Structures in Computer Science},
	number = {03},
	pages = {335–347},
	publisher = {Cambridge Univ Press},
	title = {Impredicativity entails untypedness},
	volume = {12},
	year = {2002}
}

@article{longley2011computability,
	author = {Longley, J.},
	journal = {Mathematical Structures in Computer Science},
	title = {Computability structures, simulations, and realizability},
	year = {2011}
}

@unpublished{longley1999unifying,
	author = {Longley, J.},
	note = {\url{http://homepages.inf.ed.ac.uk/jrl/Research/unifying.txt}},
	title = {Unifying typed and untyped realizability},
	year = {1999}
}

@phdthesis{longley1995realizability,
	author = {Longley, J.},
	school = {University of Edinburgh},
	title = {Realizability toposes and language semantics},
	year = {1995}
}

@book{maclanecwm,
	address = {New York},
	author = {{Mac Lane}, S.},
	edition = {Second},
	isbn = {0-387-98403-8},
	mrclass = {18-02},
	mrnumber = {1712872 (2001j:18001)},
	pages = {xii+314},
	publisher = {Springer-Verlag},
	series = {Graduate Texts in Mathematics},
	title = {Categories for the working mathematician},
	volume = {5},
	year = {1998}
}

@book{mac1992sheaves,
	author = {{Mac Lane}, S. and Moerdijk, I.},
	publisher = {Springer},
	title = {Sheaves in geometry and logic: A first introduction to topos theory},
	year = {1992}
}

@article{maietti2010joyal,
	author = {Maietti, M.},
	journal = {Theory and Applications of Categories},
	number = {3},
	pages = {39–83},
	title = {Joyal’s arithmetic universe as list-arithmetic pretopos},
	volume = {24},
	year = {2010}
}

@unpublished{rosmai08,
	author = {Maietti, M. and Rosolini, G.},
	note = {Conference talk at “Category Theory 2008” in Calais, slides available at \url{http://www-lmpa.univ-littoral.fr/CT08/slides/Rosolini_ct08.pdf}},
	optyear = {2008},
	title = {Quotient completion for preordered fibrations}
}

@article{maietti2013quotient,
	author = {Maietti, M. and Rosolini, G.},
	journal = {Logica Universalis},
	number = {3},
	pages = {371–402},
	publisher = {Springer},
	title = {Quotient completion for the foundation of constructive mathematics},
	volume = {7},
	year = {2013}
}

@article{maietti2012unifying,
	author = {Maietti, M. and Rosolini, G.},
	journal = {Applied Categorical Structures},
	pages = {1–10},
	publisher = {Springer},
	title = {Unifying exact completions},
	year = {2012}
}

@article{malbos2003rewriting,
	author = {Malbos, P.},
	journal = {Electronic Notes in Theoretical Computer Science},
	pages = {59–72},
	publisher = {Elsevier},
	title = {Rewriting systems and {H}ochschild-{M}itchell homology},
	volume = {81},
	year = {2003}
}

@article{marley1976,
	author = {Marley, B.},
	journal = {Rastaman Vibration},
	note = {\url{http://www.youtube.com/watch?v=whKUTowVmpE}},
	title = {Positive Vibration},
	year = {1976}
}

@article{coquand2015ihes,
	author = {Coquand, T.},
	journal = {{{Topos at IHES}}},
	note = {Recording available at \url{https://www.youtube.com/watch?v=sOvQEzYGb-c}},
	title = {Logic and topology (presentation)},
	year = {2015}
}

@incollection{maruyama2013hyper,
	author = {Maruyama, Y.},
	booktitle = {Logic, language, information, and computation},
	doi = {10.1007/978-3-642-39992-3_19},
	mrclass = {03B47},
	mrnumber = {3124462},
	pages = {211–225},
	publisher = {Springer, Heidelberg},
	series = {Lecture Notes in Comput. Sci.},
	title = {Full {L}ambek hyperdoctrine: categorical semantics for first-order substructural logics},
	url = {http://dx.doi.org/10.1007/978-3-642-39992-3_19},
	volume = {8071},
	year = {2013}
}

@inproceedings{mcbride2004not,
	author = {McBride, C. and McKinna, J.},
	booktitle = {Proceedings of the ACM SIGPLAN Haskell Workshop},
	organization = {Citeseer},
	title = {I am not a number: I am a free variable},
	year = {2004}
}

@misc{mellies2008groupoides,
	author = {Melliès, P.A.},
	note = {Lecture series, slides available at \url{http://www.pps.univ-paris-diderot.fr/~mellies/slides/ed-cours-4.pdf}},
	optyear = {2008},
	title = {Groupoïdes quantiques et logiques tensorielles}
}

@incollection{pamstrings,
	address = {Berlin},
	author = {Melliès, P.A.},
	booktitle = {Computer science logic},
	mrclass = {03F52 (18D10 68Q55)},
	mrnumber = {MR2334412 (2008e:03108)},
	pages = {1–30},
	publisher = {Springer},
	series = {Lecture Notes in Comput. Sci.},
	title = {Functorial boxes in string diagrams},
	volume = {4207},
	year = {2006}
}

@article{mellies2010resource,
	author = {Melliès, P.A. and Tabareau, N.},
	journal = {Annals of Pure and Applied Logic},
	number = {5},
	pages = {632–653},
	publisher = {Elsevier},
	title = {Resource modalities in tensor logic},
	volume = {161},
	year = {2010}
}

@incollection{MR2675257,
	author = {Melliès, P.A.},
	booktitle = {Interactive models of computation and program behavior},
	mrclass = {03-02 (03B47 03F07 03F52 18A40 18C50)},
	mrnumber = {2675257 (2011j:03001)},
	pages = {1–196},
	publisher = {Soc. Math. France, Paris},
	series = {Panor. Synthèses},
	title = {Categorical semantics of linear logic},
	volume = {27},
	year = {2009}
}

@article{menni2003characterization,
	author = {Menni, M.},
	journal = {Journal of Pure and Applied Algebra},
	number = {3},
	pages = {287–301},
	publisher = {Elsevier},
	title = {A characterization of the left exact categories whose exact completions are toposes},
	volume = {177},
	year = {2003}
}

@article{menni2002more,
	author = {Menni, M.},
	coden = {APALD7},
	fjournal = {Annals of Pure and Applied Logic},
	issn = {0168-0072},
	journal = {Ann. Pure Appl. Logic},
	mrclass = {18B25 (03D99 03G30 18A35)},
	mrnumber = {1900904 (2003d:18004)},
	mrreviewer = {Peter Johnstone},
	number = {1-3},
	pages = {187–203},
	title = {More exact completions that are toposes},
	volume = {116},
	year = {2002}
}

@article{menni2001closure,
	author = {Menni, M.},
	journal = {Theory and Applications of Categories},
	number = {21},
	pages = {522–540},
	title = {Closure operators in exact completions},
	volume = {8},
	year = {2001}
}

@phdthesis{menni2000exact,
	author = {Menni, M.},
	school = {University of Edinburgh},
	title = {Exact completions and toposes},
	year = {2000}
}

@incollection{milner1990operational,
	author = {Milner, R.},
	booktitle = {Handbook of theoretical computer science, {V}ol.\ {B}},
	mrclass = {68Q10 (68Q55)},
	mrnumber = {1127204},
	pages = {1201–1242},
	publisher = {Elsevier, Amsterdam},
	title = {Operational and algebraic semantics of concurrent processes},
	year = {1990}
}

@book{milner1989communication,
	author = {Milner, R.},
	bibsource = {dblp computer science bibliography, http://dblp.org},
	biburl = {http://dblp.uni-trier.de/rec/bib/books/daglib/0067019},
	isbn = {978-0-13-115007-2},
	publisher = {Prentice Hall},
	series = {{PHI} Series in computer science},
	timestamp = {Wed, 27 Apr 2011 17:30:28 +0200},
	title = {Communication and concurrency},
	year = {1989}
}

@article{miquel2011existential,
	author = {Miquel, A.},
	doi = {10.2168/LMCS-7(2:2)2011},
	fjournal = {Logical Methods in Computer Science},
	issn = {1860-5974},
	journal = {Log. Methods Comput. Sci.},
	mrclass = {03B40 (03F03)},
	mrnumber = {2794380 (2012i:03041)},
	number = {2},
	pages = {2:2, 47},
	title = {Existential witness extraction in classical realizability and via a negative translation},
	url = {http://dx.doi.org/10.2168/LMCS-7(2:2)2011},
	volume = {7},
	year = {2011}
}

@incollection{miquel2011forcing,
	author = {Miquel, A.},
	booktitle = {26th {A}nnual {IEEE} {S}ymposium on {L}ogic in {C}omputer {S}cience—{LICS} 2011},
	mrclass = {03B40 (03E40 03F35)},
	mrnumber = {2858891},
	pages = {197–206},
	publisher = {IEEE Computer Soc., Los Alamitos, CA},
	title = {Forcing as a program transformation},
	year = {2011}
}

@article{miquel2009modaleffects,
	author = {Miquel, A.},
	journal = {preprint},
	title = {Classical modal realizability and side effects},
	year = {2009}
}

@phdthesis{moens1982characterization,
	author = {Moens, J.L.},
	school = {Univ. Catholique de Louvain},
	title = {Caracterisation des topos de faisceaux sur un site interne à un topos},
	year = {1982}
}

@misc{nlab-cartesian-multicategory,
	author = {nLab},
	note = {\url{http://ncatlab.org/nlab/revision/cartesian+multicategory/2}},
	title = {Cartesian multicategory}
}

@misc{nlab-cartesian-object,
	author = {nLab},
	note = {\url{http://ncatlab.org/nlab/revision/cartesian+object/5}},
	title = {Cartesian object}
}

@misc{nlab-geometric-category,
	author = {nLab},
	note = {\url{http://ncatlab.org/nlab/revision/geometric+category/5}},
	title = {Geometric category}
}

@unpublished{vanoosten2012classical,
	author = {van Oosten, J.},
	note = {Invited talk at “Cambridge Category Theory Seminar”, slides at \url{http://www.staff.science.uu.nl/~ooste110/talks/cambr060312.pdf}},
	optyear = {2012},
	title = {Classical Realizability}
}

@book{vanoosten2008realizability,
	author = {van Oosten, J.},
	isbn = {0444515844},
	issn = {0049-237X},
	publisher = {Elsevier Science Ltd},
	title = {Realizability: {A}n {I}ntroduction to its {C}ategorical {S}ide},
	year = {2008}
}

@article{vanoosten2002realizability,
	author = {van Oosten, J.},
	journal = {Mathematical Structures in Computer Science},
	number = {03},
	pages = {239–263},
	publisher = {Cambridge Univ Press},
	title = {Realizability: a historical essay},
	volume = {12},
	year = {2002}
}

@article{oostmrt,
	author = {van Oosten, J.},
	coden = {JPAAA2},
	fjournal = {Journal of Pure and Applied Algebra},
	issn = {0022-4049},
	journal = {J. Pure Appl. Algebra},
	number = {1-3},
	pages = {273–289},
	title = {The modified realizability topos},
	volume = {116},
	year = {1997}
}

@article{vanoosten1997extensional,
	author = {van Oosten, J.},
	journal = {Annals of pure and applied logic},
	number = {3},
	pages = {317–349},
	publisher = {Elsevier},
	title = {Extensional realizability},
	volume = {84},
	year = {1997}
}

@article{vanoosten1997modified,
	author = {van Oosten, J.},
	issn = {0022-4049},
	journal = {Journal of pure and applied algebra},
	number = {1-3},
	pages = {273–289},
	publisher = {Elsevier},
	title = {The modified realizability topos},
	volume = {116},
	year = {1997}
}

@article{pare1978abstract,
	author = {Paré, R. and Schumacher, D.},
	journal = {Indexed categories and their applications},
	pages = {1–125},
	publisher = {Springer},
	title = {Abstract families and the adjoint functor theorems},
	year = {1978}
}

@inproceedings{parigot1992lambdamu,
	author = {Parigot, M.},
	booktitle = {Logic programming and automated reasoning},
	organization = {Springer},
	pages = {190–201},
	title = {$\lambda$ $\mu$-calculus: an algorithmic interpretation of classical natural deduction},
	year = {1992}
}

@article{penon1973quasi,
	author = {Penon, J.},
	journal = {C. R. Acad. Sci. Paris Sér. A-B},
	mrclass = {18A30},
	mrnumber = {0332921 (48 \#11246)},
	mrreviewer = {M. Tierney},
	pages = {A237–A240},
	title = {Quasi-topos},
	volume = {276},
	year = {1973}
}

@unpublished{phoa,
	author = {Phoa, W.},
	note = {\url{http://www.margaretmorgan.com/wesley/ecs-lfcs-92-208.ps}},
	title = {An introduction to fibrations, topos theory, the effective topos and modest sets}
}

@article{pitts2002,
	author = {Pitts, A.M.},
	fjournal = {Mathematical Structures in Computer Science. A Journal in the Applications of Categorical, Algebraic and Geometric Methods in Computer Science},
	issn = {0960-1295},
	journal = {Math. Structures Comput. Sci.},
	number = {3},
	pages = {265–279},
	title = {Tripos theory in retrospect},
	volume = {12},
	year = {2002}
}

@incollection{pitts2000categorical,
	author = {Pitts, A.M.},
	booktitle = {Handbook of logic in computer science, {V}ol. 5},
	mrclass = {03G30 (18C10 68Q55 68Q65)},
	mrnumber = {1859470 (2002j:03078)},
	mrreviewer = {Anna Labella},
	pages = {39–128},
	publisher = {Oxford Univ. Press, New York},
	series = {Handb. Log. Comput. Sci.},
	title = {Categorical logic},
	volume = {5},
	year = {2000}
}

@phdthesis{pitts81,
	author = {Pitts, A.M.},
	school = {Cambridge Univ.},
	title = {The theory of triposes},
	year = {1981}
}

@article{plotkincbncbv,
	author = {Plotkin, G.D.},
	fjournal = {Theoretical Computer Science},
	issn = {0304-3975},
	journal = {Theoret. Comput. Sci.},
	mrclass = {02C20 (68A05)},
	mrnumber = {MR0429501 (55 \#2514)},
	mrreviewer = {Henk Barendregt},
	number = {2},
	pages = {125–159},
	title = {Call-by-name, call-by-value and the {$\lambda $}-calculus},
	volume = {1},
	year = {1975}
}

@inproceedings{razborov1994natural,
	author = {Razborov, A. and Rudich, S.},
	booktitle = {Proceedings of the twenty-sixth annual ACM symposium on Theory of computing},
	organization = {ACM},
	pages = {204–213},
	title = {Natural proofs},
	year = {1994}
}

@inproceedings{rideau2011concurrent,
	author = {Rideau, S. and Winskel, G.},
	booktitle = {LICS},
	pages = {409–418},
	title = {Concurrent Strategies.},
	volume = {11},
	year = {2011}
}

@inproceedings{robinson2001abstract,
	author = {Robinson, E. and Rosolini, G.},
	booktitle = {Computer Science Logic},
	organization = {Springer},
	pages = {173–187},
	title = {An abstract look at realizability},
	year = {2001}
}

@article{demarchi2000abstract,
	author = {{De Marchi}, F. and Robinson, E. and Rosolini, G.},
	note = {Draft, available at \url{http://www.dcs.qmw.ac.uk/~edmundr/pubs/drafts/abslr.ps}},
	title = {An abstract look at realizability}
}

@article{robinson1990colimit,
	author = {Robinson, E. and Rosolini, G.},
	journal = {The Journal of Symbolic Logic},
	number = {2},
	pages = {678–699},
	publisher = {JSTOR},
	title = {Colimit completions and the effective topos},
	volume = {55},
	year = {1990}
}

@article{rosicky1999cartesian,
	author = {Rosický, J.},
	journal = {Journal of pure and applied algebra},
	number = {3},
	pages = {261–270},
	publisher = {Elsevier},
	title = {Cartesian closed exact completions},
	volume = {142},
	year = {1999}
}

@book{sorensen2006lectures,
	author = {Sørensen, M. and Urzyczyn, P.},
	publisher = {Elsevier},
	title = {Lectures on the Curry-Howard isomorphism},
	volume = {149},
	year = {2006}
}

@incollection{schroeder_partial_lambda,
	address = {Berlin},
	author = {Schröder, L.},
	booktitle = {Computer science logic},
	pages = {385–399},
	publisher = {Springer},
	series = {Lecture Notes in Comput. Sci.},
	title = {The logic of the partial {$\lambda$}-calculus with equality},
	volume = {3210},
	year = {2004}
}

@article{selinger2009survey,
	author = {Selinger, P.},
	journal = {New Structures for Physics},
	pages = {275–337},
	title = {A survey of graphical languages for monoidal categories},
	year = {2009}
}

@article{shulman2012exact,
	author = {Shulman, M.},
	journal = {Theory and Applications of Categories},
	number = {7},
	pages = {97–173},
	title = {Exact completions and small sheaves},
	volume = {27},
	year = {2012}
}

@article{shulman2010stack,
	author = {Shulman, M.},
	journal = {arXiv preprint arXiv:1004.3802},
	title = {Stack semantics and the comparison of material and structural set theories},
	year = {2010}
}

@article{shulman2008framed,
	author = {Shulman, M.},
	journal = {Theory and Applications of Categories},
	number = {18},
	pages = {650–738},
	title = {Framed bicategories and monoidal fibrations},
	volume = {20},
	year = {2008}
}

@article{slot1988problem,
	author = {Slot, C. and van Emde Boas, P.},
	journal = {Information and Computation},
	number = {2},
	pages = {93–122},
	publisher = {Elsevier},
	title = {The problem of space invariance for sequential machines},
	volume = {77},
	year = {1988}
}

@phdthesis{stekelenburg2013realizability,
	author = {Stekelenburg, W.P.},
	school = {Utrecht University},
	title = {Realizability Categories},
	year = {2013}
}

@incollection{streetbistack,
	address = {Berlin},
	author = {Street, R.},
	booktitle = {Category theory ({G}ummersbach, 1981)},
	mrclass = {18D05 (18F20)},
	mrnumber = {MR682967 (84d:18006)},
	pages = {282–291},
	publisher = {Springer},
	series = {Lecture Notes in Math.},
	title = {Characterizations of bicategories of stacks},
	volume = {962},
	year = {1982}
}

@article{street1980fibrations,
	author = {Street, R.},
	journal = {Cahiers de topologie et géométrie différentielle},
	number = {2},
	pages = {111–159},
	title = {Fibrations in bicategories},
	volume = {21},
	year = {1980}
}

@article{street_limits_indexed_by,
	author = {Street, R.},
	fjournal = {Journal of Pure and Applied Algebra},
	issn = {0022-4049},
	journal = {J. Pure Appl. Algebra},
	mrclass = {18D05},
	mrnumber = {MR0401868 (53 \#5695)},
	mrreviewer = {Robert C. Davis},
	number = {2},
	pages = {149–181},
	title = {Limits indexed by category-valued {$2$}-functors},
	volume = {8},
	year = {1976}
}

@article{street1995low,
	author = {Street, R. and Verity, D.},
	journal = {Proceedings of CT95, Halifax},
	note = {\url{http://www.maths.mq.edu.au/~street/LowDTop.pdf}},
	title = {Low-dimensional topology and higher-order categories},
	year = {1995}
}

@unpublished{streichercmcl,
	author = {Streicher, T.},
	note = {Lecture notes, available at \url{www.mathematik.tu-darmstadt.de/~streicher}},
	optyear = {2003},
	title = {Categorical {M}odels of {C}onstructive {L}ogic}
}

@unpublished{streicherctcl,
	author = {Streicher, T.},
	note = {Lecture notes, available at \url{www.mathematik.tu-darmstadt.de/~streicher}},
	optyear = {2003-2004},
	title = {Introduction to Category Theory and Categorical Logic}
}

@article{streicherfib,
	author = {Streicher, T.},
	journal = {arXiv preprint arXiv:1801.02927},
	title = {Fibred Categories à la Jean Bénabou},
	year = {2018}
}

@unpublished{streicherreal,
	author = {Streicher, T.},
	note = {Lecture notes, available at \url{http://www.mathematik.tu-darmstadt.de/~streicher/REAL/REAL.pdf}},
	optyear = {2005},
	title = {Realizability}
}

@article{streicher2013krivine,
	author = {Streicher, T.},
	journal = {Mathematical Structures in Computer Science},
	number = {06},
	pages = {1234–1256},
	publisher = {Cambridge Univ Press},
	title = {Krivine's classical realisability from a categorical perspective},
	volume = {23},
	year = {2013}
}

@article{streicher1998classical,
	author = {Streicher, T. and Reus, B.},
	journal = {Journal of functional programming},
	number = {06},
	pages = {543–572},
	publisher = {Cambridge Univ Press},
	title = {Classical logic, continuation semantics and abstract machines},
	volume = {8},
	year = {1998}
}

@article{stubbe2005categorical,
	author = {Stubbe, I.},
	journal = {Theory Appl. Categ},
	number = {1},
	pages = {1–45},
	title = {Categorical structures enriched in a quantaloid: categories,distributors and functors},
	volume = {14},
	year = {2005}
}

@article{taylor2002sober,
	author = {Taylor, P.},
	journal = {Theory and Applications of Categories},
	number = {12},
	pages = {248–300},
	title = {Sober spaces and continuations},
	volume = {10},
	year = {2002}
}

@article{taylor2000geometric,
	author = {Taylor, P.},
	journal = {Theory and Applications of Categories},
	number = {15},
	pages = {284–338},
	title = {Geometric and higher order logic in terms of abstract Stone duality},
	volume = {7},
	year = {2000}
}

@book{taylor1999practical,
	author = {Taylor, P.},
	publisher = {Cambridge University Press},
	title = {Practical foundations of mathematics},
	volume = {59},
	year = {1999}
}

@article{thielecke1997continuation,
	author = {Thielecke, H.},
	journal = {Electronic Notes in Theoretical Computer Science},
	pages = {348–364},
	publisher = {Elsevier},
	title = {Continuation semantics and self-adjointness},
	volume = {6},
	year = {1997}
}

@incollection{tierney1972sheaf,
	author = {Tierney, M.},
	booktitle = {Toposes, algebraic geometry and logic},
	pages = {13–42},
	publisher = {Springer},
	title = {Sheaf theory and the continuum hypothesis},
	year = {1972}
}

@book{troelstra1973metamathematical,
	author = {Troelstra, A.S.},
	publisher = {Springer Science \& Business Media},
	title = {Metamathematical investigation of intuitionistic arithmetic and analysis},
	volume = {344},
	year = {1973}
}

@book{troelstra2000basic,
	author = {Troelstra, A.S. and Schwichtenberg, H.},
	isbn = {0-521-57223-1},
	mrclass = {03F03 (03-01)},
	mrnumber = {1409368 (98g:03127)},
	mrreviewer = {Anthony M. Ungar},
	pages = {xii+343},
	publisher = {Cambridge University Press, Cambridge},
	series = {Cambridge Tracts in Theoretical Computer Science},
	title = {Basic proof theory},
	volume = {43},
	year = {1996}
}

@book{troelstra1988constructivismii,
	author = {Troelstra, A.S. and van Dalen, D.},
	publisher = {North-Holland Publishing Co., Amsterdam},
	title = {Constructivism in mathematics. {V}ol. {II}},
	volume = {123},
	year = {1988}
}

@book{troelstra1988constructivism,
	author = {Troelstra, A.S. and van Dalen, D.},
	isbn = {0-444-70266-0; 0-444-70506-6},
	mrclass = {03-01 (03D20 03Fxx)},
	mrnumber = {966421 (90e:03002a)},
	mrreviewer = {G. E. Mints},
	pages = {xx+342+XIV},
	publisher = {North-Holland Publishing Co., Amsterdam},
	series = {Studies in Logic and the Foundations of Mathematics},
	title = {Constructivism in mathematics. {V}ol. {I}},
	volume = {121},
	year = {1988}
}

@article{verity_enriched,
	author = {Verity, D.},
	fjournal = {Reprints in Theory and Applications of Categories},
	journal = {Repr. Theory Appl. Categ.},
	mrclass = {18D05 (18D20)},
	mrnumber = {2844536},
	mrreviewer = {Josep Elgueta},
	number = {20},
	pages = {1–266},
	title = {Enriched categories, internal categories and change of base},
	year = {2011}
}

@article{vistoli2004notes,
	author = {Vistoli, A.},
	journal = {arXiv preprint math/0412512},
	title = {Notes on Grothendieck topologies, fibered categories and descent theory},
	year = {2007}
}

@misc{wiki:facsys,
	author = {Wikipedia},
	note = {\url{http://en.wikipedia.org/w/index.php?title=Factorization_system&oldid=475721587}},
	title = {Factorization system},
	year = {accessed 4-September-2012}
}

@misc{wiki:lattice-sept-4-2012,
	author = {Wikipedia},
	note = {\url{http://en.wikipedia.org/w/index.php?title=Lattice_(order)&oldid=507763170}},
	title = {Lattice (order)},
	year = {accessed 4-September-2012}
}

@inproceedings{winskel2013strategies,
	author = {Winskel, G.},
	booktitle = {Foundations of Software Science and Computation Structures},
	organization = {Springer},
	pages = {418–433},
	title = {Strategies as profunctors},
	year = {2013}
}

@article{winskel2004new,
	author = {Winskel, G. and Nardelli, F.},
	journal = {Exploring New Frontiers of Theoretical Informatics},
	pages = {521–534},
	publisher = {Springer},
	title = {NEW-HOPLA a higher-order process language with name generation},
	year = {2004}
}

@article{wood_proarrows_i,
	author = {Wood, R.J.},
	coden = {CTGDBR},
	fjournal = {Cahiers de Topologie et Géométrie Différentielle},
	issn = {0008-0004},
	journal = {Cahiers Topologie Géom. Différentielle},
	mrclass = {18D05 (18D20)},
	mrnumber = {MR675339 (84g:18022)},
	mrreviewer = {R. H. Street},
	number = {3},
	pages = {279–290},
	title = {Abstract proarrows. {I}},
	volume = {23},
	year = {1982}
}

@article{krivine2008structures,
	author = {Krivine, J.L.},
	journal = {arXiv preprint arXiv:0809.2394},
	title = {Structures de réalisabilité, {RAM} et ultrafiltre sur {N}},
	year = {2008}
}

@article{krivine2014structure,
	author = {Krivine, J.L.},
	journal = {arXiv preprint arXiv:1408.1868},
	title = {On the structure of classical realizability models of {ZF}},
	year = {2014}
}

@techreport{zou2015filtered,
	author = {Zou, T.},
	school = {Universiteit van Amsterdam},
	title = {Filtered Order-partial Combinatory Algebras and Classical Realizability},
	year = {2015}
}

@article{streicher2013stable,
	author = {Streicher, T.},
	publisher = {Citeseer},
	title = {A classical realizability model arising from a stable model of untyped $\lambda$-calculus},
	year = {2013}
}

@article{hyland2000full,
	author = {Hyland, J.M.E. and Ong, C.H.L.},
	fjournal = {Information and Computation},
	issn = {0890-5401},
	journal = {Inform. and Comput.},
	number = {2},
	pages = {285–408},
	title = {On full abstraction for {PCF}: {I}, {II} and {III}},
	volume = {163},
	year = {2000}
}

@article{rin2015realizability,
	author = {Rin, B.G. and Walsh, S.},
	journal = {arXiv preprint arXiv:1510.01977},
	title = {Realizability Semantics for Quantified Modal Logic: Generalizing Flagg's 1985 Construction},
	year = {2015}
}

@article{aspectsiii,
	author = {van den Berg, B. and Moerdijk, I.},
	fjournal = {Proceedings of the London Mathematical Society. Third Series},
	journal = {Proc. Lond. Math. Soc. (3)},
	number = {5},
	pages = {1076–1122},
	title = {Aspects of predicative algebraic set theory {III}: sheaves},
	volume = {105},
	year = {2012}
}

@article{aspectsii,
	author = {van den Berg, B. and Moerdijk, I.},
	fjournal = {Theoretical Computer Science},
	journal = {Theoret. Comput. Sci.},
	number = {20},
	pages = {1916–1940},
	title = {Aspects of predicative algebraic set theory, {II}: {R}ealizability},
	volume = {412},
	year = {2011}
}

@article{aspectsi,
	author = {van den Berg, B. and Moerdijk, I.},
	fjournal = {Annals of Pure and Applied Logic},
	journal = {Ann. Pure Appl. Logic},
	number = {1},
	pages = {123–159},
	title = {Aspects of predicative algebraic set theory. {I}. {E}xact completion},
	volume = {156},
	year = {2008}
}

@article{hermida1999some,
	author = {Hermida, C.},
	journal = {Journal of Pure and Applied Algebra},
	number = {1},
	pages = {83–109},
	publisher = {Elsevier},
	title = {Some properties of {F}ib as a fibred 2-category},
	volume = {134},
	year = {1999}
}

@unpublished{selinger2003continuation,
	author = {Selinger, P.},
	title = {From continuation passing style to {Krivine}'s abstract machine},
	year = {2003}
}

@inproceedings{lawvere1970quantifiers,
	author = {Lawvere, F.W.},
	booktitle = {Actes du congres international des mathematiciens, Nice},
	pages = {329–334},
	title = {Quantifiers and sheaves},
	volume = {1},
	year = {1970}
}

@article{krivine2001typed,
	author = {Krivine, J.L.},
	journal = {Archive for Mathematical Logic},
	number = {3},
	pages = {189–205},
	publisher = {Springer},
	title = {Typed lambda-calculus in classical Zermelo-Fraenkel set theory},
	volume = {40},
	year = {2001}
}

@unpublished{frey2015krivinenote,
	author = {Frey, J.},
	note = {Note of a conversation with J.L.~Krivine, available at \url{https://github.com/jonas-frey/pdfs/blob/master/krivine-comp.pdf}},
	title = {Computability and {K}rivine realizability},
	year = {2015}
}

@article{wood1985proarrowsii,
	author = {Wood, R.J.},
	fjournal = {Cahiers de Topologie et Géométrie Différentielle Catégoriques},
	issn = {0008-0004},
	journal = {Cahiers Topologie Géom. Différentielle Catég.},
	mrclass = {18D05 (18D20)},
	mrnumber = {794752 (86i:18010)},
	mrreviewer = {R. H. Street},
	number = {2},
	pages = {135–168},
	title = {Proarrows. {II}},
	volume = {26},
	year = {1985}
}

@incollection{sep-intuitionism,
	author = {Iemhoff, R.},
	booktitle = {The Stanford Encyclopedia of Philosophy},
	edition = {Spring 2015},
	editor = {Zalta, Edward N.},
	howpublished = {\url{http://plato.stanford.edu/archives/spr2015/entries/intuitionism/}},
	title = {Intuitionism in the Philosophy of Mathematics},
	year = {2015}
}

@incollection{sep-mathematics-constructive,
	author = {Bridges, D. and Palmgren, E.},
	booktitle = {The Stanford Encyclopedia of Philosophy},
	edition = {Winter 2013},
	editor = {Zalta, Edward N.},
	howpublished = {\url{http://plato.stanford.edu/archives/win2013/entries/mathematics-constructive/}},
	title = {Constructive Mathematics},
	year = {2013}
}

@incollection{sep-formalism-mathematics,
	author = {Weir, A.},
	booktitle = {The Stanford Encyclopedia of Philosophy},
	edition = {Spring 2015},
	editor = {Zalta, Edward N.},
	howpublished = {\url{http://plato.stanford.edu/archives/spr2015/entries/formalism-mathematics/}},
	title = {Formalism in the Philosophy of Mathematics},
	year = {2015}
}

@incollection{sep-hilbert-program,
	author = {Zach, R.},
	booktitle = {The Stanford Encyclopedia of Philosophy},
	edition = {Summer 2015},
	editor = {Zalta, Edward N.},
	howpublished = {\url{http://plato.stanford.edu/archives/sum2015/entries/hilbert-program/}},
	title = {Hilbert's Program},
	year = {2015}
}

@incollection{sep-intuitionistic-logic-development,
	author = {van Atten, M.},
	booktitle = {The Stanford Encyclopedia of Philosophy},
	edition = {Spring 2014},
	editor = {Zalta, Edward N.},
	howpublished = {\url{http://plato.stanford.edu/archives/spr2014/entries/intuitionistic-logic-development/}},
	title = {The Development of Intuitionistic Logic},
	year = {2014}
}

@misc{wiki:curry-howard-isomorphism,
	author = {Wikipedia},
	note = {[Online; accessed 26-December-2015]},
	title = {Curry–Howard correspondence — Wikipedia{,} The Free Encyclopedia},
	url = {\url{https://en.wikipedia.org/w/index.php?title=Curry%E2%80%93Howard_correspondence&oldid=693704672}},
	year = {2015}
}

@inproceedings{griffin1989formulae,
	author = {Griffin, T.},
	booktitle = {Proceedings of the 17th ACM SIGPLAN-SIGACT symposium on Principles of programming languages},
	organization = {ACM},
	pages = {47–58},
	title = {A formulae-as-type notion of control},
	year = {1990}
}

@article{glivenko1929quelques,
	author = {Glivenko, V.},
	journal = {Bulletins de la classe des sciences},
	number = {5},
	pages = {183–188},
	title = {Sur quelques points de la logique de M. Brouwer},
	volume = {15},
	year = {1929}
}

@article{grothendieck1957quelques,
	author = {Grothendieck, A.},
	journal = {Tohoku Mathematical Journal, Second Series},
	number = {2},
	pages = {119–183},
	publisher = {東北大学大学院理学研究科数学専攻},
	title = {Sur quelques points d'algèbre homologique},
	volume = {9},
	year = {1957}
}

@article{freyd2003abelian,
	author = {Freyd, P.J.},
	fjournal = {Reprints in Theory and Applications of Categories},
	journal = {Repr. Theory Appl. Categ.},
	note = {Reprint of the 1964 original},
	number = {3},
	pages = {23–164},
	title = {Abelian categories},
	year = {2003}
}

@phdthesis{beffara2005logique,
	author = {Beffara, E.},
	school = {Université Paris 7},
	title = {Logique, réalisabilité et concurrence},
	year = {2005}
}

@unpublished{frey2015homotopy,
	author = {Frey, J.},
	note = {Draft. Available at \url{https://github.com/jonas-frey/pdfs/blob/master/fibrant.pdf}. Slides available at \url{https://github.com/jonas-frey/pdfs/blob/master/ihes-november-2015.pdf}},
	title = {Homotopy in regular hyperdoctrines},
	year = {2019}
}

@misc{frey2016dice,
	author = {Frey, J. and Simonsen, J.G.},
	note = {\emph{Developments in Implicit Computational Complexity (DICE 2016)}, available at \url{https://lipn.univ-paris13.fr/DICE2016/Abstracts/paper_6.pdf}},
	title = {Toposes for Time Complexity Classes},
	year = {2016}
}

@misc{frey2016hor,
	author = {Frey, J.},
	note = {\emph{8th International Workshop on Higher-Order Rewriting (HOR 2016)}, available at \url{https://github.com/jonas-frey/pdfs/blob/master/hor.pdf}},
	title = {Confluence and strong normalization for the CPS target language},
	year = {2016}
}

@article{hyvernat2014linear,
	author = {Hyvernat, P.},
	journal = {Mathematical Structures in Computer Science},
	number = {01},
	pages = {e240104},
	publisher = {Cambridge Univ Press},
	title = {A linear category of polynomial diagrams},
	volume = {24},
	year = {2014}
}

@article{hirschowitz2013cartesian,
	author = {Hirschowitz, T.},
	journal = {Logical Methods in Computer Science},
	number = {3},
	pages = {10},
	title = {Cartesian closed 2-categories and permutation equivalence in higher-order rewriting},
	volume = {9},
	year = {2013}
}

@article{raffalli2008realizability,
	author = {Raffalli, C. and Ruyer, F.},
	journal = {Fundamenta Informaticae},
	number = {2},
	pages = {241–258},
	title = {Realizability of the axiom of choice in HOL(An analysis of Krivine's work)},
	volume = {84},
	year = {2008}
}

@unpublished{raffalli2010realizability,
	author = {Raffalli, C.},
	hal_id = {hal-00474043},
	hal_version = {v1},
	note = {preprint},
	pdf = {https://hal.archives-ouvertes.fr/hal-00474043/file/ejc.pdf},
	title = {Realizability for programming languages.},
	url = {https://hal.archives-ouvertes.fr/hal-00474043},
	year = {2010}
}

@incollection{grayson1979heyting,
	author = {Grayson, R.J.},
	booktitle = {Applications of Sheaves},
	pages = {402–414},
	publisher = {Springer},
	title = {Heyting-valued models for intuitionistic set theory},
	year = {1979}
}

@article{blass1979injectivity,
	author = {Blass, A.},
	journal = {Transactions of the American Mathematical Society},
	pages = {31–59},
	title = {Injectivity, projectivity, and the axiom of choice},
	volume = {255},
	year = {1979}
}

@article{mclarty2011finite,
	author = {McLarty, C.},
	journal = {Preprint on the mathematics arXiv},
	title = {A finite order arithmetic foundation for cohomology},
	year = {2011}
}

@book{beeson1985foundations,
	author = {Beeson, M.J.},
	doi = {10.1007/978-3-642-68952-9},
	isbn = {3-540-12173-0},
	mrclass = {03F65 (00A25 03F50 03F55 03F60)},
	mrnumber = {786465 (86k:03055)},
	mrreviewer = {V. Ya. Kreinovich},
	note = {Metamathematical studies},
	pages = {xxiii+466},
	publisher = {Springer-Verlag, Berlin},
	series = {Ergebnisse der Mathematik und ihrer Grenzgebiete (3) [Results in Mathematics and Related Areas (3)]},
	title = {Foundations of constructive mathematics},
	url = {http://dx.doi.org/10.1007/978-3-642-68952-9},
	volume = {6},
	year = {1985}
}

@article{carboni1998regular,
	author = {Carboni, A. and Vitale, E.M.},
	coden = {JPAAA2},
	fjournal = {Journal of Pure and Applied Algebra},
	issn = {0022-4049},
	journal = {J. Pure Appl. Algebra},
	mrclass = {18A35 (18A32 18B25 18C20)},
	mrnumber = {1600009 (99b:18003)},
	mrreviewer = {Walter Tholen},
	number = {1-3},
	pages = {79–116},
	title = {Regular and exact completions},
	volume = {125},
	year = {1998}
}

@article{sattler2017equivalence,
	author = {Sattler, C.},
	journal = {arXiv preprint arXiv:1704.06911},
	title = {The Equivalence Extension Property and Model Structures},
	year = {2017}
}

@article{gambino2017frobenius,
	author = {Gambino, N. and Sattler, C.},
	fjournal = {Journal of Pure and Applied Algebra},
	journal = {J. Pure Appl. Algebra},
	note = {to appear},
	title = {The {F}robenius condition, right properness, and uniform fibrations},
	year = {2017}
}

@inproceedings{bezem2014model,
	author = {Bezem, M. and Coquand, T. and Huber, S.},
	booktitle = {19th International Conference on Types for Proofs and Programs (TYPES 2013)},
	pages = {107–128},
	title = {A model of type theory in cubical sets},
	volume = {26},
	year = {2014}
}

@article{bezem2015non,
	author = {Bezem, M. and Coquand, T. and Parmann, E.},
	journal = {Case Studies in Constructive Mathematics},
	publisher = {Dagstuhl Publishing},
	title = {Non-constructivity in Kan simplicial sets},
	year = {2015}
}

@book{papadimitriou1994computational,
	author = {Papadimitriou, C.H.},
	isbn = {0-201-53082-1},
	mrclass = {68Q15 (68-02 68Q25)},
	mrnumber = {1251285 (95f:68082)},
	mrreviewer = {Johan Håstad},
	pages = {xvi+523},
	publisher = {Addison-Wesley Publishing Company, Reading, MA},
	title = {Computational complexity},
	year = {1994}
}

@article{connes2010view,
	author = {Connes, A.},
	note = {available as a pdf file from \url{http://www.alainconnes.org/en/downloads.php}},
	title = {A view of mathematics},
	year = {2010}
}

@phdthesis{henry2014these,
	author = {Henry, S.},
	school = {Paris 7 University},
	title = {From toposes to non-commutative geometry through the study of internal Hilbert spaces},
	year = {2014}
}

@article{streicher2005realizability,
	author = {Streicher, T.},
	journal = {Unpublished note},
	title = {Realizability models for CZF+$\neg$ Pow},
	year = {2005}
}

@inproceedings{hermida2014logical,
	author = {Hermida, C. and Reddy, U. and Robinson, E.},
	booktitle = {Proceedings of the {W}orkshop on {A}lgebra, {C}oalgebra and {T}opology ({WACT} 2013)},
	pages = {149–180},
	publisher = {Elsevier Sci. B. V., Amsterdam},
	series = {Electron. Notes Theor. Comput. Sci.},
	title = {Logical relations and parametricity—a {R}eynolds programme for category theory and programming languages},
	volume = {303},
	year = {2014}
}

@incollection{curien2010duality,
	author = {Curien, P.L. and Munch-Maccagnoni, G.},
	booktitle = {Theoretical computer science},
	doi = {10.1007/978-3-642-15240-5_13},
	mrclass = {03B40 (03F05 68N18 68Q05)},
	mrnumber = {3221140},
	pages = {165–181},
	publisher = {Springer, Berlin},
	series = {IFIP Adv. Inf. Commun. Technol.},
	title = {The duality of computation under focus},
	url = {http://dx.doi.org/10.1007/978-3-642-15240-5_13},
	volume = {323},
	year = {2010}
}

@inproceedings{curien2000duality,
	author = {Curien, P.L. and Herbelin, H.},
	booktitle = {Proceedings of the Fifth {ACM} {SIGPLAN} International Conference on Functional Programming {(ICFP} '00), Montreal, Canada, September 18-21, 2000.},
	pages = {233–243},
	title = {The duality of computation},
	year = {2000}
}

@book{streicher2006domain,
	author = {Streicher, T.},
	publisher = {World Scientific},
	title = {Domain-theoretic foundations of functional programming},
	year = {2006}
}

@incollection{flagg1985church,
	author = {Flagg, R.C.},
	booktitle = {Intensional mathematics},
	pages = {121–172},
	publisher = {North-Holland, Amsterdam},
	series = {Stud. Logic Found. Math.},
	title = {Church's thesis is consistent with epistemic arithmetic},
	volume = {113},
	year = {1985}
}

@article{lafont1991negation,
	author = {Lafont, Y.},
	journal = {Logical Frameworks},
	pages = {223–229},
	publisher = {Citeseer},
	title = {Negation versus implication},
	year = {1991}
}

@inproceedings{felleisen1986reasoning,
	author = {Felleisen, M. and Friedman, D. and Kohlbecker, E. and Duba, B.},
	booktitle = {Proceedings of the Symposium on Logic in Computer Science {(LICS} '86), Cambridge, Massachusetts, USA, June 16-18, 1986},
	pages = {131–141},
	title = {Reasoning with Continuations},
	year = {1986}
}

@article{krivine1990operateurs,
	author = {Krivine, J.L.},
	fjournal = {Archive for Mathematical Logic},
	journal = {Arch. Math. Logic},
	number = {4},
	pages = {241–267},
	title = {Opérateurs de mise en mémoire et traduction de {G}ödel},
	volume = {30},
	year = {1990}
}

@article{selinger2001control,
	author = {Selinger, P.},
	fjournal = {Mathematical Structures in Computer Science. A Journal in the Applications of Categorical, Algebraic and Geometric Methods in Computer Science},
	journal = {Math. Structures Comput. Sci.},
	number = {2},
	pages = {207–260},
	title = {Control categories and duality: on the categorical semantics of the lambda-mu calculus},
	volume = {11},
	year = {2001}
}

@unpublished{lafont1993continuation,
	author = {Lafont, Y. and Reus, B. and Streicher, T.},
	note = {Unpublished, available at \url{http://iml.univ-mrs.fr/~lafont/pub/continuation.ps}},
	title = {Continuation semantics or expressing implication by negation},
	year = {1993}
}

@article{urbas1996dual,
	author = {Urbas, I.},
	fjournal = {Notre Dame Journal of Formal Logic},
	journal = {Notre Dame J. Formal Logic},
	number = {3},
	pages = {440–451},
	title = {Dual-intuitionistic logic},
	volume = {37},
	year = {1996}
}

@inproceedings{filinski1989declarative,
	author = {Filinski, A.},
	booktitle = {Category Theory and Computer Science},
	organization = {Springer},
	pages = {224–249},
	title = {Declarative continuations: An investigation of duality in programming language semantics},
	year = {1989}
}

@phdthesis{girard1972interpretation,
	author = {Girard, J.Y.},
	school = {Université Paris VII},
	title = {Interprétation fonctionelle et élimination des coupures de l’arithmétique d’ordre supérieur},
	year = {1972}
}

@book{terese,
	author = {Bezem, M. and Klop, J.W. and de Vrijer, R.},
	publisher = {Cambridge University Press},
	title = {Term rewriting systems},
	year = {2003}
}

@article{terui2011computational,
	author = {Terui, K.},
	journal = {Theor. Comput. Sci.},
	number = {20},
	pages = {2048–2071},
	title = {Computational ludics},
	volume = {412},
	year = {2011}
}

@article{coquand1995evidence,
	author = {Coquand, T.},
	fjournal = {The Journal of Symbolic Logic},
	journal = {J. Symbolic Logic},
	number = {1},
	pages = {325–337},
	title = {A semantics of evidence for classical arithmetic},
	volume = {60},
	year = {1995}
}

@article{angiuli2016computational,
	author = {Angiuli, C. and Harper, R. and Wilson, T.},
	journal = {arXiv preprint arXiv:1604.08873},
	title = {Computational Higher Type Theory I: Abstract Cubical Realizability},
	year = {2016}
}

@article{vanoosten2015homotopy,
	author = {van Oosten, J.},
	fjournal = {Mathematical Structures in Computer Science. A Journal in the Applications of Categorical, Algebraic and Geometric Methods in Computer Science},
	journal = {Math. Structures Comput. Sci.},
	number = {5},
	pages = {1132–1146},
	title = {A notion of homotopy for the effective topos},
	volume = {25},
	year = {2015}
}

@article{stekelenburg2016constructive,
	author = {Stekelenburg, W.P.},
	journal = {arXiv preprint arXiv:1604.04746},
	title = {Constructive Simplicial Homotopy},
	year = {2016}
}

@article{stekelenburg2014realizability,
	author = {Stekelenburg, W.P.},
	journal = {arXiv preprint arXiv:1406.6579},
	title = {Realizability of Univalence: Modest Kan complexes},
	year = {2014}
}

@article{rosolini2016category,
  title={The category of equilogical spaces and the effective topos as homotopical quotients},
  author={Rosolini, G.},
  journal={Journal of Homotopy and Related Structures},
  volume={11},
  number={4},
  pages={943--956},
  year={2016},
  publisher={Springer}
}

@article{mellies2010tensor,
	author = {Melliès, P.A. and Tabareau, N.},
	fjournal = {Annals of Pure and Applied Logic},
	journal = {Ann. Pure Appl. Logic},
	number = {5},
	pages = {632–653},
	title = {Resource modalities in tensor logic},
	volume = {161},
	year = {2010}
}

@book{lurie2009higher,
	author = {Lurie, J.},
	number = {170},
	publisher = {Princeton University Press},
	title = {Higher topos theory},
	year = {2009}
}

@article{awodey2016cubical,
	author = {Awodey, S.},
	journal = {arXiv preprint arXiv:1607.06413},
	title = {A cubical model of homotopy type theory},
	year = {2016}
}

@article{bourke2016algebraic,
	author = {Bourke, J. and Garner, R.},
	journal = {Journal of Pure and Applied Algebra},
	number = {1},
	pages = {108–147},
	publisher = {Elsevier},
	title = {Algebraic weak factorisation systems {I}: accessible {AWFS}},
	volume = {220},
	year = {2016}
}

@inproceedings{orton2016axioms,
	address = {Dagstuhl, Germany},
	author = {Orton, I. and Pitts, A.M.},
	booktitle = {25th EACSL Annual Conference on Computer Science Logic (CSL 2016)},
	editor = {Talbot, Jean-Marc and Regnier, Laurent},
	pages = {24:1–24:19},
	publisher = {Schloss Dagstuhl–Leibniz-Zentrum fuer Informatik},
	series = {Leibniz International Proceedings in Informatics (LIPIcs)},
	title = {Axioms for Modelling Cubical Type Theory in a Topos},
	volume = {62},
	year = {2016}
}

@article{frumin2017homotopy,
	author = {Frumin, D. and van den Berg, B.},
	journal = {arXiv preprint arXiv:1701.08369},
	title = {A homotopy-theoretic model of function extensionality in the effective topos},
	year = {2017}
}

@article{faber2014more,
	author = {Faber, E. and van Oosten, J.},
	journal = {Theory and Applications of Categories},
	number = {30},
	pages = {874–895},
	title = {More on geometric morphisms between realizability toposes},
	volume = {29},
	year = {2014}
}

@article{faber2016effective,
	author = {Faber, E. and van Oosten, J.},
	journal = {Computability},
	number = {2},
	pages = {127–146},
	publisher = {IOS Press},
	title = {Effective operations of type 2 in PCAs},
	volume = {5},
	year = {2016}
}

@article{cohen2016cubical,
	author = {Cohen, C. and Coquand, T. and Huber, S. and Mörtberg, A.},
	journal = {arXiv preprint arXiv:1611.02108},
	title = {Cubical type theory: a constructive interpretation of the univalence axiom},
	year = {2016}
}

@book{hottbook,
	address = {Institute for Advanced Study},
	author = {{Univalent Foundations Program}, The},
	publisher = {\url{https://homotopytypetheory.org/book}},
	title = {Homotopy Type Theory: Univalent Foundations of Mathematics},
	year = 2013
}

@book{martin1984intuitionistic,
	author = {Martin-Löf, P. and Sambin, G.},
	publisher = {Bibliopolis Napoli},
	title = {Intuitionistic type theory},
	volume = {9},
	year = {1984}
}

@unpublished{frey2017modelling,
	author = {Frey, J.},
	note = {Conference talk at “Category Theory 2017” in Vancouver, slides available at \url{http://www.mat.uc.pt/~ct2017/abstracts/frey_j.pdf}},
	optyear = {2017},
	title = {Modelling homotopy type theory in cartesian cubical sets}
}

@inproceedings{birkedal2000general,
	author = {Birkedal, L.},
	booktitle = {Logic in Computer Science, 2000. Proceedings. 15th Annual IEEE Symposium on},
	organization = {IEEE},
	pages = {7–17},
	title = {A general notion of realizability},
	year = {2000}
}

@article{vickers2016sketches,
	author = {Vickers, S.},
	journal = {arXiv preprint arXiv:1608.01559},
	title = {Sketches for arithmetic universes},
	year = {2016}
}

@article{vickers2017arithmetic,
	author = {Vickers, S.},
	journal = {Cahiers},
	title = {Arithmetic universes and classifying toposes},
	year = {2017}
}

@article{buckley2014fibred,
	author = {Buckley, M.},
	journal = {Journal of Pure and Applied Algebra},
	number = {6},
	pages = {1034–1074},
	publisher = {Elsevier},
	title = {Fibred 2-categories and bicategories},
	volume = {218},
	year = {2014}
}

@misc{wiki:typetheory,
	author = {{Wikipedia}},
	howpublished = {\url{https://en.wikipedia.org/w/index.php?title=Type_theory&oldid=906582199}},
	note = {[Online; accessed 29-July-2019]},
	title = {Type theory — {Wikipedia}{,} The Free Encyclopedia},
	year = {2019}
}

@article{nordstrom2000martin,
	author = {Nordström, B. and Petersson, K. and Smith, J.},
	journal = {Handbook of logic in computer science},
	pages = {1–37},
	publisher = {Clarendon Press},
	title = {Martin-Löf’s type theory},
	volume = {5},
	year = {2000}
}

@article{shulman2015univalence,
	author = {Shulman, M.},
	journal = {Mathematical Structures in Computer Science},
	number = {5},
	pages = {1203–1277},
	publisher = {Cambridge University Press},
	title = {Univalence for inverse diagrams and homotopy canonicity},
	volume = {25},
	year = {2015}
}

@incollection{hofmann1997syntax,
  title={Syntax and semantics of dependent types},
  author={Hofmann, M.},
  booktitle={Extensional Constructs in Intensional Type Theory},
  pages={13--54},
  year={1997},
  publisher={Springer}
}

@inproceedings{seely1984locally,
  title={Locally cartesian closed categories and type theory},
  author={Seely, R.A.G.},
  booktitle={Mathematical proceedings of the Cambridge philosophical society},
  volume={95},
  number={1},
  pages={33--48},
  year={1984},
  organization={Cambridge University Press}
}

@article{streicher1991semantics,
  title={Semantics of type theory: correctness, completeness, and independence results},
  author={Streicher, T.},
  year={1991},
  publisher={Birkhauser Boston Inc.}
}

@inproceedings{hofmann1994interpretation,
  title={On the interpretation of type theory in locally cartesian closed categories},
  author={Hofmann, M.},
  booktitle={International Workshop on Computer Science Logic},
  pages={427--441},
  year={1994},
  organization={Springer}
}

@article{hofmann1998groupoid,
  title={The groupoid interpretation of type theory},
  author={Hofmann, M. and Streicher, T.},
  journal={Twenty-five years of constructive type theory (Venice, 1995)},
  volume={36},
  pages={83--111},
  year={1998}
}

@article{hofmann1999lifting,
  title={Lifting grothendieck universes},
  author={Hofmann, M. and Streicher, T.},
  journal={Unpublished note},
  volume={199},
  pages={3},
  year={1999}
}

@article{kapulkin2012simplicial,
  title={The simplicial model of univalent foundations (after Voevodsky)},
  author={Kapulkin, C. and Lumsdaine, P.},
  journal={arXiv preprint arXiv:1211.2851},
  year={2012}
}

@article{lumsdaine2015local,
  title={The local universes model: an overlooked coherence construction for dependent type theories},
  author={Lumsdaine, P. and Warren, M.},
  journal={ACM Transactions on Computational Logic (TOCL)},
  volume={16},
  number={3},
  pages={23},
  year={2015},
  publisher={ACM}
}

@article{north2019type,
  title={Type-theoretic weak factorization systems},
  author={North, P.},
  journal={arXiv preprint arXiv:1906.00259},
  year={2019}
}

@article{joyal2017notes,
  title={Notes on clans and tribes},
  author={Joyal, A.},
  journal={arXiv preprint arXiv:1710.10238},
  year={2017}
}

@article{awodey2018natural,
  title={Natural models of homotopy type theory},
  author={Awodey, S.},
  journal={Mathematical Structures in Computer Science},
  volume={28},
  number={2},
  pages={241--286},
  year={2018},
  publisher={Cambridge University Press}
}

@inproceedings{awodey2009homotopy,
  title={Homotopy theoretic models of identity types},
  author={Awodey, S. and Warren, M.},
  booktitle={Mathematical Proceedings of the Cambridge Philosophical Society},
  volume={146},
  number={1},
  pages={45--55},
  year={2009},
  organization={Cambridge University Press}
}

@book {baues1989algebraic,
    AUTHOR = {Baues, H.J.},
     TITLE = {Algebraic homotopy},
    SERIES = {Cambridge Studies in Advanced Mathematics},
    VOLUME = {15},
 PUBLISHER = {Cambridge University Press, Cambridge},
      YEAR = {1989}
}

@book {dwyer2005homotopy,
    AUTHOR = {Dwyer, W.G. and Hirschhorn, P.S. and Kan, D.M.
              and Smith, J.H.},
     TITLE = {Homotopy limit functors on model categories and homotopical
              categories},
    SERIES = {Mathematical Surveys and Monographs},
    VOLUME = {113},
 PUBLISHER = {American Mathematical Society, Providence, RI},
      YEAR = {2004},
}

@article{schreiber2013differential,
  title={Differential cohomology in a cohesive infinity-topos},
  author={Schreiber, U.},
  journal={arXiv preprint arXiv:1310.7930},
  year={2013}
}

@article{shulman2018brouwer,
  title={Brouwer's fixed-point theorem in real-cohesive homotopy type theory},
  author={Shulman, M.},
  journal={Mathematical Structures in Computer Science},
  volume={28},
  number={6},
  pages={856--941},
  year={2018},
  publisher={Cambridge University Press}
}

@article{wellen2018cartan,
  title={Cartan Geometry in Modal Homotopy Type Theory},
  author={Wellen, F.},
  journal={arXiv preprint arXiv:1806.05966},
  year={2018}
}

@article{frey2019characterizing,
  title={Characterizing partitioned assemblies and realizability toposes},
  author={Frey, J.},
  journal={Journal of Pure and Applied Algebra},
  volume={223},
  number={5},
  pages={2000--2014},
  year={2019},
  publisher={Elsevier}
}

@inproceedings{awodey2018impredicative,
  title={Impredicative Encodings of (Higher) Inductive Types}, 
  author={Awodey, S. and Frey, J. and Speight, S.}, 
  booktitle={Proceedings of the 33rd Annual ACM/IEEE Symposium on Logic in Computer Science}, 
  pages={76--85}, 
  year={2018},
  organization={ACM}
}

@article{shulman2019all,
  title={All $(\infty, 1)$-toposes have strict univalent universes},
  author={Shulman, M.},
  journal={arXiv preprint arXiv:1904.07004},
  year={2019}
}

@article{uemura2018cubical,
  title={Cubical Assemblies and the Independence of the propositional resizing axiom},
  author={Uemura, T.},
  journal={arXiv preprint arXiv:1803.06649},
  year={2018}
}

@article{swan2019church,
  title={On Church's Thesis in Cubical Assemblies},
  author={Swan, A. and Uemura, T.},
  journal={arXiv preprint arXiv:1905.03014},
  year={2019}
}

@misc{shulman2017elementary, 
	title={Elementary $(\infty,1)$-topoi}, 
	url={https://golem.ph.utexas.edu/category/2017/04/elementary_1topoi.html}, 
	journal={The $n$-Category Cafe}, 
	author={Shulman, M.}, 
	year={2017}
}

@article{rasekh2018theory,
  title={A theory of elementary higher toposes},
  author={Rasekh, N.},
  journal={arXiv preprint arXiv:1805.03805},
  year={2018}
}

@book{mikkelsen1976lattice,
  title={Lattice theoretic and logical aspects of elementary topoi},
  author={Mikkelsen, C.J.},
  number={25},
  year={1976},
  publisher={Aarhus Universitet, Matematisk Institut}
}

@article{montague1970universal,
  title={Universal grammar},
  author={Montague, R.},
  journal={Theoria},
  volume={36},
  number={3},
  pages={373--398},
  year={1970},
  publisher={Wiley Online Library}
}

@phdthesis{zwanziger2017montague,
  title={Montague’s intensional logic as comonadic type theory},
  author={Zwanziger, C.},
  year={2017},
  school={MS thesis, Carnegie Mellon University, Pittsburgh}
}

@article{lawvere2007axiomatic,
  title={Axiomatic cohesion},
  author={Lawvere, F.W.},
  journal={Theory and Applications of Categories},
  volume={19},
  number={3},
  pages={41--49},
  year={2007}
}

@article{riehl2017type,
  title={A type theory for synthetic $\infty$-categories},
  author={Riehl, E. and Shulman, M.},
  journal={arXiv preprint arXiv:1705.07442},
  year={2017}
}

@article{licata20112,
  title={2-dimensional directed type theory},
  author={Licata, D. and Harper, R.},
  journal={Electronic Notes in Theoretical Computer Science},
  volume={276},
  pages={263--289},
  year={2011},
  publisher={Elsevier}
}

@article{north2018towards,
  title={Towards a directed homotopy type theory},
  author={North, P.},
  journal={arXiv preprint arXiv:1807.10566},
  year={2018}
}

@article{vandenberg2018univalent,
  title={Univalent polymorphism},
  author={van den Berg, B.},
  journal={arXiv preprint arXiv:1803.10113},
  year={2018}
}

@article{vanoosten2015notion,
  title={A notion of homotopy for the effective topos},
  author={van Oosten, J.},
  journal={Mathematical Structures in Computer Science},
  volume={25},
  number={5},
  pages={1132--1146},
  year={2015},
  publisher={Cambridge University Press}
}

@article{vandenberg2016exact,
  title={Exact completion of path categories and algebraic set theory},
  author={van den Berg, B. and Moerdijk, I.},
  journal={arXiv preprint arXiv:1603.02456},
  year={2016}
}

@article{kapulkin2017quasicategories,
  title={Quasicategories of Frames of Cofibration Categories},
  author={Kapulkin, K. and Szumi{\l}o, K.},
  journal={Applied Categorical Structures},
  volume={25},
  number={3},
  pages={323--347},
  year={2017},
  publisher={Springer}
}

@book{adamek1994locally,
  title={Locally presentable and accessible categories},
  author={Ad{\'a}mek, J. and Rosicky, J.},
  volume={189},
  year={1994},
  publisher={Cambridge University Press}
}

@article{street1973comprehensive,
  title={The comprehensive factorization of a functor},
  author={Street, R. and Walters, R.F.C.},
  journal={Bulletin of the American Mathematical Society},
  volume={79},
  number={5},
  pages={936--941},
  year={1973}
}

@article{adamek2002classification,
  title={A classification of accessible categories},
  author={Adámek, J. and Borceux, F. and Lack, S. and Rosický, J.},
  journal={Journal of Pure and Applied Algebra},
  volume={175},
  number={1-3},
  pages={7--30},
  year={2002},
  publisher={Elsevier}
}

@phdthesis{taylor1987recursive,
  title={Recursive domains, indexed category theory and polymorphism},
  author={Taylor, P.},
  year={1987},
  school={University of Cambridge}
}

@misc{voevodsky2014univalent2,
  title={Univalent foundations—new type-theoretic foundations of mathematics},
  note={Talk at IHP, Paris, on April 22, 2014, slides available at \url{https://www.math.ias.edu/vladimir/sites/math.ias.edu.vladimir/files/2014_04_22_slides.pdf}},
  author={Voevodsky, V.},
  year={2014}
}

@misc{voevodsky2014univalent,
  title={Univalent foundations},
  note={Talk at IAS, Princeton, on March 26, 2014, slides available at \url{https://www.math.ias.edu/vladimir/sites/math.ias.edu.vladimir/files/2014_IAS.pdf}},
  author={Voevodsky, V.},
  year={2014}
}

@misc{frey2019language,
	author = {Frey, J.},
	note = {Conference talk at “Category Theory 2019” in Edinburgh, slides available at \url{http://conferences.inf.ed.ac.uk/ct2019/slides/75.pdf}},
	year = {2019},
	title = {A language for closed cartesian bicategories}
}

@article{baez1995higher,
  title={Higher-dimensional algebra and topological quantum field theory},
  author={Baez, J.C. and Dolan, J.},
  journal={Journal of Mathematical Physics},
  volume={36},
  number={11},
  pages={6073--6105},
  year={1995},
  publisher={American Institute of Physics}
}

@phdthesis{blechschmidt2018using,
  title={Using the internal language of toposes in algebraic geometry},
  school = {Universität Augsburg},
  author={Blechschmidt, I.},
  year={2018}
}

@phdthesis{rosolini1986continuity,
	school = {University of Oxford},
	author = {Rosolini, G.},
	title = {Continuity and effectiveness in topoi},
	year = {1986}
}

@book{moerdijk1991models,
  title={Models for smooth infinitesimal analysis},
  author={Moerdijk, I. and Reyes, G.E.},
  year={1991},
  publisher={Springer Science \& Business Media}
}

@article{joyal1997disks,
  title={Disks, duality, and Theta-categories},
  author={Joyal, A.},
  journal={preprint},
  year={1997}
}

@article{street1987algebra,
  title={The algebra of oriented simplexes},
  author={Street, R.},
  journal={Journal of Pure and Applied Algebra},
  volume={49},
  number={3},
  pages={283--335},
  year={1987},
  publisher={Elsevier}
}

@article{verity2008weak,
  title={Weak complicial sets I. Basic homotopy theory},
  author={Verity, D.},
  journal={Advances in Mathematics},
  volume={219},
  number={4},
  pages={1081--1149},
  year={2008},
  publisher={Elsevier}
}

@article{cartmell1986generalised,
  title={Generalised algebraic theories and contextual categories},
  author={Cartmell, J.},
  journal={Annals of pure and applied logic},
  volume={32},
  pages={209--243},
  year={1986},
  publisher={Elsevier}
}

@book{gabriel1971lokal,
  title={Lokal pr{\"a}sentierbare Kategorien},
  author={Gabriel, P. and Ulmer, F.},
  year={1971},
  publisher={Springer-Verlag},
  series = {Lecture Notes in Math.},
  volume={221},
}

@article{lawvere1963functorial,
  title={Functorial semantics of algebraic theories},
  author={Lawvere, F.W.},
  journal={Proceedings of the National Academy of Sciences of the United States of America},
  volume={50},
  number={5},
  pages={869},
  year={1963},
  publisher={National Academy of Sciences}
}

@article {lawvere2004functorialreprint,
    AUTHOR = {Lawvere, F. W.},
     TITLE = {Functorial semantics of algebraic theories and some algebraic
              problems in the context of functorial semantics of algebraic
              theories},
      NOTE = {Reprinted from Proc. Nat. Acad. Sci. U.S.A. {{\bf{5}}0}
              (1963), 869--872 [MR0158921] and {{\i}t Reports of the Midwest
              Category Seminar. II}, 41--61, Springer, Berlin, 1968
              [MR0231882]},
   JOURNAL = {Repr. Theory Appl. Categ.},
  FJOURNAL = {Reprints in Theory and Applications of Categories},
    NUMBER = {5},
      YEAR = {2004},
     PAGES = {1--121},
}

@book{adamek2010algebraic,
  title={Algebraic theories: a categorical introduction to general algebra},
  author={Ad{\'a}mek, J. and Rosick{\'y}, J. and Vitale, E.M.},
  volume={184},
  year={2010},
  publisher={Cambridge University Press}
}

@article{freyd1972aspects,
  title={Aspects of topoi},
  author={Freyd, P.},
  journal={Bulletin of the Australian Mathematical Society},
  volume={7},
  number={1},
  pages={1--76},
  year={1972},
  publisher={Cambridge University Press}
}

@article{cesnavicius2019purity,
  title={Purity for flat cohomology},
  author={Cesnavicius, K. and Scholze, P.},
  journal={arXiv preprint arXiv:1912.10932},
  year={2019}
}

@article{barendregt2019fixed,
  title={Fixed point theorems for precomplete numberings},
  author={Barendregt, H. and Terwijn, S.A.},
  journal={Annals of Pure and Applied Logic},
  volume={170},
  number={10},
  pages={1151--1161},
  year={2019},
  publisher={Elsevier}
}
